2546 4036
532 263 574 273 -
621 227 663 292 53
710 265 751 276 -
798 233 804 246 '

464 389 547 482 Gap.
574 389 824 464 LXXXVII.

223 524 441 610 Athanasius,
469 526 708 593 Alexandrinae
731 528 821 593 urbis
845 529 1025 614 episcopus,
1049 527 1151 594 multa

132 614 333 679 Arianorum
355 635 527 700 perpessus
551 615 693 702 insidiis,
716 616 757 682 ad
777 614 1006 699 Constantem,
1030 613 1151 680 Gallia·

132 725 205 768 rum
233 702 428 788 principem,
456 704 556 790 fugit,
583 706 669 769 unde
695 726 844 780 reversus
872 725 945 770 cum
972 703 1090 768 litteris
1119 708 1152 769 et

132 813 263 856 rursum
290 795 366 874 post
392 795 531 858 mortem
558 792 648 858 illius
671 793 803 879 fugatus
835 815 937 878 usque
960 791 1002 858 ad
1023 791 1150 857 Ioviani
1170 811 1185 859 5

134 880 309 964 imperium
333 881 445 964 latuit,
472 903 492 946 a
519 903 584 966 quc
614 886 746 966 recepta
770 881 905 948 ecelesia
928 881 987 946 sub
1010 879 1151 945 Valente

134 969 281 1033 moritur.
325 967 489 1034 Feruntur
517 971 586 1034 eius
615 968 801 1034 ‘adversum
829 967 959 1055 gentes'
987 969 1065 1034 libri
1088 968 1152 1034 duc

137 1063 170 1121 et
193 1056 322 1123 ‘contra
344 1054 517 1123 Valentem
547 1061 581 1122 et
603 1056 787 1124 Ursacium'
815 1079 911 1143 unus,
940 1057 990 1122 ‘cle
1018 1057 1151 1142 virgini-

134 1145 231 1230 tate',
255 1143 310 1208 ‘de
333 1145 615 1229 persecutionibus
637 1145 851 1212 Arianorum'
879 1147 1012 1232 plurimi
1040 1150 1073 1210 et
1101 1144 1152 1210 ‘de

134 1233 337 1318 psalmorum
355 1232 474 1298 titulis'
493 1238 526 1299 εὴ
545 1233 696 1300 ‘historia
709 1236 848 1300 Antonii
866 1233 1030 1302 monachi'
1048 1234 1152 1299 vitam
1171 1254 1204 1302 10

136 1322 309 1387 continens
333 1326 366 1387 et
389 1319 600 1407 ἑορταστικαί
620 1325 777 1409 epistulae
801 1327 834 1390 ct
851 1324 953 1389 multa
972 1323 1046 1406 alia,
1070 1343 1152 1406 quae
1256 1393 1257 1396 Ἴ

136 1431 326 1476 enumerare
348 1411 484 1497 longum
508 1415 566 1476 est.

458 1608 540 1701 Cap.
569 1609 842 1683 LXXXVIII

226 1744 389 1810 Antonius
412 1747 606 1831 monachus,
629 1749 720 1812 cuius
738 1748 841 1812 vitam
855 1747 1064 1828 Athanasius,
1078 1745 1152 1810 Ale·

137 1835 292 1900 xandriae
321 1835 505 1920 episcopus,
532 1836 655 1919 insigni
685 1835 849 1900 volumine
877 1837 1067 1918 prosecutus
1095 1837 1152 1917 est,
1173 1851 1205 1900 15

136 1924 226 1989 misit
240 1925 450 2008 aegyptiacas
470 1923 511 1988 ad
530 1923 658 1988 diversa
676 1923 874 1988 monasteria
893 1921 1062 2006 apostolici
1081 1943 1152 1986 sen-

137 2034 192 2076 sus
222 2013 444 2096 sermonisque
472 2011 628 2096 epistulas
657 2015 794 2096 septem,
826 2032 908 2096 quae
939 2011 975 2074 in
1002 2031 1154 2096 graecam

138 2101 285 2186 linguam
314 2101 491 2166 translatae
523 2103 612 2185 sunt,
647 2122 784 2184 quarum
816 2095 991 2184 praecipua
1020 2102 1069 2163 est
1100 2098 1152 2163 ‘ad

137 2188 352 2254 Arsencitas’.
388 2187 514 2255 Floruit
529 2186 746 2254 Constantino
771 2191 804 2252 et
825 2187 900 2252 filiis
924 2187 991 2252 eius
1014 2208 1153 2272 regnan-

137 2279 236 2344 tibus.
1172 2293 1206 2341 ao

496 2423 577 2514 Gap.
609 2421 800 2508 XXXIX.

228 2560 386 2644 Basilius,
414 2559 605 2644 Ancyranus
638 2561 821 2645 episcopus,
858 2559 938 2623 artis
975 2557 1153 2624 medicinae

141 2669 262 2734 gnarus
286 2649 419 2734 scripsit
445 2652 560 2714 contra
581 2646 783 2714 Marcellum'
813 2651 845 2713 et
874 2646 924 2710 ‘de
951 2644 1152 2732 virginitate'

139 2738 259 2802 librum
284 2741 317 2802 et
337 2738 495 2802 nonnulla
518 2738 595 2820 alia,
624 2741 656 2801 et
683 2737 744 2801 sub
767 2755 843 2820 rege
867 2731 1060 2803 Constantio
1083 2731 1152 2798 Ma-

142 2825 335 2892 cedonianae
363 2827 466 2910 partis
495 2847 569 2890 cum
591 2823 766 2890 Eustathio
797 2821 975 2886 Sebasteno
1003 2822 1153 2906 princeps
1173 2839 1206 2888 25

140 2913 209 2980 fuit.

554 3057 635 3149 Cap.
667 3057 743 3128 XO.

230 3195 434 3280 Theodorus,
452 3195 629 3260 Heracleae
648 3193 862 3260 Thraciarum
885 3195 1069 3278 episcopus,
1092 3193 1153 3256 ele·

142 3286 249 3369 gantis
273 3286 440 3370 apertique
469 3284 626 3349 sermonis
658 3287 691 3348 et
712 3285 817 3369 magis
840 3283 1015 3347 historicae
1037 3280 1152 3346 intelli·
1188 3285 1190 3288 ’

213 3475 358 3532 2Bamb.:
377 3475 483 3530 multas
502 3517 508 3530 .
528 3517 534 3530 .
554 3475 668 3530 insidias
741 3481 773 3531 16
792 3471 902 3526 Bamb.:
922 3470 1089 3540 aegyptiace
