2552 4048
538 262 754 326 ..30-

137 421 320 506 praedictos
344 424 486 486 tractata
507 421 649 502 fuerant,
673 417 909 484 consummavit
934 421 968 482 et
993 417 1156 500 imperiali

138 509 332 576 auctoritate
370 510 580 575 confirmavit.
631 507 788 574 Similiter
826 507 881 591 qui
918 505 1155 572 ambasiatores

137 598 345 683 imperatoris
376 597 573 663 Crassorum
602 619 642 662 ex
668 600 762 680 parte
785 595 927 660 eiusdem
957 593 1082 659 domini
1105 595 1156 658 sui

140 691 292 772 atquem
320 687 360 751 ad
387 687 518 751 modum
548 687 589 750 ab
617 687 689 769 ipso
712 687 900 767 receperant
927 683 962 747 in
984 682 1157 766 mandatis,

139 775 286 840 fecerunt
303 776 372 840 viee
390 797 493 840 versa.
530 774 579 840 Ae
597 775 667 858 ipse
686 771 911 855 Constantine,
933 771 1155 836 Romanorum
1170 786 1183 828 ⁵

139 865 332 950 imperator,
359 863 462 928 filiurn
492 886 585 928 suum
615 861 865 928 Constantinum
892 883 958 924 una
985 881 1058 925 oum
1082 881 1156 924 oon·
1263 940 1268 949 Ι

138 953 215 1036 iuge
248 953 283 1018 in
314 952 462 1017 Romano
490 951 628 1036 imperio
656 951 790 1016 heredes
818 949 882 1014 sibi
914 953 991 1033 post
1017 951 1157 1014 mortem

141 1063 233 1106 suam
262 1063 466 1106 successuros
494 1041 617 1105 ibidem
645 1061 754 1105 coram
782 1039 934 1104 universo
965 1039 1080 1102 senatu
1109 1037 1157 1100 in·

139 1129 249 1194 stituit
276 1152 374 1194 manu
402 1130 547 1214 propria:
581 1129 665 1213 quod
689 1133 722 1194 et
748 1127 813 1212 ipsi
839 1126 1075 1192 ambasiatores
1098 1125 1157 1188 im·

137 1203 300 1302 paratoria
325 1217 521 1282 Graecorum
551 1218 590 1282 de
618 1217 755 1302 imperio
787 1214 982 1280 Graecorum
1009 1214 1156 1279 feserunt
1172 1229 1199 1268 1⁰

139 1328 155 1370 e
186 1327 350 1371 converso.
393 1305 455 1371 His
488 1327 566 1370 vero
595 1306 744 1372 omnibus
762 1305 913 1389 'peractis
943 1301 1156 1368 Constantius

137 1394 207 1460 filio
227 1393 440 1460 Constantino
465 1397 499 1458 et
522 1416 599 1459 suae
622 1393 753 1478 coniugi
776 1415 849 1457 eum
873 1415 912 1457 ea
935 1391 1157 1456 sollemnitate

137 1483 210 1548 fieri
232 1483 311 1547 feeit
332 1483 464 1566 nuptias
489 1505 526 1548 ae
550 1485 578 1548 si
600 1483 658 1548 illo
681 1483 732 1547 die
756 1485 864 1546 essent
884 1481 1025 1566 primum
1043 1480 1158 1544 matri-

138 1571 327 1636 monialiter
358 1571 510 1654 copulati.
561 1569 808 1636 Ambasiatores
840 1591 916 1634 vero
948 1569 1157 1652 imperatoris

141 1657 338 1724 Graecorum
358 1662 435 1741 post
457 1659 519 1724 hoe
538 1680 611 1724 oum
629 1659 758 1742 magnis
777 1659 966 1724 muneribus
986 1662 1157 1742 etmagno
1173 1673 1200 1713 1⁵

138 1747 262 1812 honore
285 1747 476 1812 reviserunt.

85 1831 128 1895 48
229 1835 376 1912 Qualiter
408 1839 518 1900 autem
550 1833 786 1902 Constantinus
816 1838 945 1900 mortuo
975 1856 1034 1899 suo
1063 1837 1158 1918 patre

142 1923 337 1990 Constantio
360 1925 395 1988 in
416 1924 565 1990 Romano
588 1925 726 2010 imperio
750 1928 782 1989 et
804 1926 935 1988 mortno
963 1945 1021 1989 sno
1045 1944 1157 1987 socero

137 2014 173 2077 in
212 2011 409 2078 Graecorum
446 2013 584 2097 imperio
622 2013 813 2078 sueoesserit
849 2016 882 2076 et
917 2011 1025 2076 faetus
1057 2011 1158 2076 firerit

137 2101 240 2166 totius
269 2101 390 2166 saeculi
418 2101 608 2184 monaraha,
637 2101 778 2185 qualiter
805 2123 825 2165 a
851 2099 970 2166 Sancto
996 2099 1156 2165 silvestro
1171 2115 1201 2156 2⁰

136 2211 225 2272 papa
252 2211 271 2253 a
299 2189 391 2272 lepra
419 2193 549 2254 auratus
577 2193 610 2254 et
639 2189 679 2254 ad
706 2190 803 2254 fidem
826 2187 951 2254 Christi
980 2210 1156 2254 conversus

137 2277 202 2340 fuit
234 2298 272 2342 aa
299 2299 400 2362 usque
429 2276 469 2342 ad
497 2283 638 2343 mortem
667 2299 758 2343 suam
785 2279 820 2342 in
847 2281 986 2361 utroque
1018 2277 1155 2360 imperio

137 2365 365 2448 potentissima
383 2365 535 2449 regnavit
554 2369 586 2430 et
605 2366 745 2448 qualiter
765 2369 877 2431 saneta
894 2365 1030 2450 Helena,
1051 2369 1156 2430 mater

139 2450 360 2535 Constantini,
388 2452 652 2538 Hierosolymam
675 2454 773 2520 iverit
800 2457 834 2520 et
857 2458 1003 2518 sanatam
1027 2475 1155 2520 erucem

138 2539 261 2605 ibidem
291 2541 464 2625 invenerit,
492 2542 620 2626 require
647 2542 682 2606 in
710 2543 777 2608 suis
804 2543 894 2608 loeis.
930 2541 1021 2608 Haeo
1044 2547 1198 2606 autema

110 2639 114 2648 ’
137 2629 193 2692 hio
216 2628 314 2694 scribi
337 2628 388 2694 fas
410 2651 477 2694 non
495 2633 545 2694 est
563 2651 623 2696 neo
642 2634 784 2715 oportet,
807 2631 863 2695 sed
885 2631 967 2696 haee
991 2630 1157 2696 sufficiant

138 2739 198 2803 pro
222 2721 298 2782 ortu
321 2715 530 2784 Constantini
559 2719 614 2784 hio
636 2719 737 2784 fuisse
760 2718 947 2803 scriptaad
970 2719 1099 2784 laudem
1122 2723 1157 2784 et

137 2805 296 2871 honorem
324 2806 509 2872 individuae
536 2808 710 2892 trinitatis,
739 2808 843 2892 patris
868 2812 901 2873 et
922 2807 984 2872 filii
1007 2813 1041 2873 et
1063 2809 1157 2892 spiri-

138 2897 191 2959 tus
215 2895 328 2978 saneti,
352 2896 584 2980 omnipotentis
603 2897 663 2980 dei,
683 2896 738 2980 qui
757 2900 808 2960 est
824 2896 988 2962 mirabilis
1006 2896 1041 2960 in
1059 2896 1155 2962 factis

140 2984 206 3046 suis
225 2987 259 3046 et
276 2983 472 3048 mirabiliter
491 2985 665 3049 seeundum
685 3007 762 3049 suae
781 2985 956 3050 ineffabilis
976 2985 1156 3069 sapientiae
1172 2999 1201 3041 ³0

138 3071 379 3154 providentiam
406 3073 588 3158 praemissa
614 3073 686 3138 fieri
711 3073 884 3158 disposuit,
913 3075 1033 3158 quique
1057 3073 1157 3138 etiam

140 3163 190 3223 est
211 3159 400 3224 benedictus
423 3161 459 3226 in
482 3161 612 3226 saecula
635 3161 844 3227 saeculorum.
880 3161 995 3228 Amen.

213 3322 227 3368 1
248 3315 424 3370 consumavit
442 3317 518 3373 codd.
592 3323 608 3371 5
623 3317 824 3373 Constantinus
838 3318 874 3374 F.
947 3323 964 3373 8
979 3333 1158 3372 successuros

139 3384 178 3451 D,
197 3401 372 3440 successores
390 3385 426 3442 F.
515 3393 546 3441 11
566 3386 622 3441 hiis
642 3389 717 3444 oodd.
792 3387 991 3443 Constantinus
1011 3388 1046 3444 F.
1122 3395 1157 3442 12

141 3455 351 3526 sollempnitate
370 3457 445 3513 codd.
530 3464 564 3512 14
581 3458 824 3514 ambasiatoribus
842 3462 918 3516 codd.
996 3465 1030 3514 22
1049 3461 1083 3515 da
1100 3476 1158 3514 mo-

140 3527 238 3582 dorum
256 3529 405 3584 matutinas
424 3529 457 3596 of.
477 3529 515 3584 ud
529 3545 589 3600 cap.
603 3535 650 3586 27.
724 3537 758 3586 24
776 3531 954 3586 Constantini
971 3531 1062 3585 mater
1077 3529 1113 3586 F.

496 3637 802 3670 ..dou-..—
