2546 4036
599 317 636 326 ..
688 282 729 344 14
778 317 814 326 .,

598 443 679 535 cap.
708 443 815 515 Vm.
855 545 857 552 Α

286 582 430 667 Marcus,
453 582 629 666 discipulus
658 587 691 647 et
713 583 875 666 interpres
895 581 986 648 Petri
1008 583 1106 667 juxta
1130 585 1217 668 quod

185 672 329 740 Petrum
343 671 538 740 referentem
560 671 726 757 audierat,
734 673 868 756 rogatus
883 669 1006 740 Βιιιιιι
1025 671 1217 740 afratribus

196 761 306 829 breve
315 761 445 845 scripsit
463 760 677 846 evangelium.
718 758 810 836 Quod
832 779 908 826 oum
927 759 1043 826 Petrus
1062 761 1217 847 audisset,

143 855 159 904 5
196 850 349 934 probarit
376 852 409 915 et
436 849 579 916 ecclesiis
602 848 775 951 legendum
798 870 858 914 sna
885 848 1077 915 auctoritate
1106 851 1216 935 edidit,

197 939 281 1006 siout
303 940 448 1005 scribunt
466 937 673 1005 Clemensm
696 940 786 1012 sexto
806 930 1053 1004 excaecatores
1072 939 1217 1005 librot
1184 944 1217 1006 et

195 1025 315 1111 Papias
333 1027 517 1112 Hierapolit
518 1049 598 1092 anus
618 1027 798 1129 episcopus.
828 1025 979 1092 Meminit
996 1025 1092 1092 huius
1110 1027 1216 1094 Marci

196 1119 229 1180 et
254 1115 411 1182 Petrus
401 1139 437 1182 ιιι
467 1117 574 1200 prima
605 1116 690 1200 epist
675 1115 745 1180 tulo
777 1115 837 1180 rub
868 1115 1008 1182 nomine
1031 1115 1216 1200 Babylonis

195 1204 376 1290 figuraliter
406 1205 545 1270 Romam
575 1205 778 1288 significans:
812 1203 948 1272 ‘salutat
981 1225 1039 1270 vos
1078 1201 1217 1272 eeclesia

144 1300 177 1349 10
197 1295 350 1378 quaeest
371 1293 407 1358 in
425 1291 595 1377 Babylone
617 1293 758 1358 coelecta
778 1294 812 1356 et
829 1291 969 1376 Marcus,
990 1293 1077 1358 filius
1101 1294 1217 1360 meus'.

194 1383 374 1466 Assumpto
386 1382 496 1467 itaque
507 1381 678 1467 evangelio
690 1381 776 1466 quod
790 1381 859 1464 ipse
874 1381 1056 1448 confecerat
1070 1385 1217 1466 perrexit

194 1471 383 1557 Aegyptum
398 1474 431 1536 et
444 1471 584 1555 primum
599 1469 814 1536 Alexandriae
829 1467 994 1536 Christum
1010 1470 1215 1537 adnuncians

196 1560 367 1626 constituit
386 1559 555 1624 ecclesiam
573 1562 666 1624 tanta
685 1557 833 1624 doctrina
851 1562 885 1622 ct
897 1558 982 1624 vitoe
1001 1559 1216 1644 continentia,

194 1658 233 1714 ut
250 1669 362 1714 omnes
385 1651 563 1714 sectatores
582 1645 704 1712 Christi
728 1647 769 1712 ad
792 1647 974 1730 exemplum
999 1648 1049 1712 sui
1072 1654 1215 1734 cogeret.

144 1739 175 1788 15
196 1736 341 1821 Denique
350 1736 479 1820 Philon,
493 1735 723 1802 disertissimus
734 1735 939 1820 Iudaeorum,
947 1735 1060 1802 videns
1071 1738 1214 1803 Alexan-

118 1852 127 1866 ·
195 1826 282 1891 driac
308 1826 448 1910 primam
476 1823 644 1890 ecelesiam
672 1823 775 1890 adhuc
802 1823 1019 1888 iudaizantem
1052 1827 1150 1909 quasi
1179 1827 1214 1890 in

193 1915 323 1980 laudem
360 1915 468 2000 gentis
501 1935 577 1978 suae
614 1918 647 1978 et
683 1933 779 1996 super
815 1933 927 1978 eorum
963 1916 1213 1980 conversatione

195 2004 338 2087 scripsit,
365 2007 399 2068 et
423 2002 582 2084 quomodo
606 2001 711 2066 Lucas
734 2005 847 2066 narrat
868 2000 1122 2086 Hierosolymae
1148 2025 1214 2068 cre-

195 2090 309 2156 dentes
333 2091 441 2158 omnia
460 2090 615 2156 habuisse
638 2091 830 2174 communia,
854 2090 899 2155 sic
921 2091 976 2155 ille
996 2090 1213 2157 Alexandriae

142 2182 176 2230 20
195 2181 254 2244 sub
269 2179 380 2246 Marco
400 2179 530 2246 doctore
548 2179 618 2244 fieri
642 2179 793 2244 cernebat
810 2179 1048 2263 memoriaeque
1067 2181 1212 2246 tradidit.

193 2267 342 2335 Mortuus
371 2272 421 2333 est
448 2271 556 2332 autem
587 2272 701 2332 octavo
725 2266 866 2333 Neronis
890 2289 975 2332 anno
1005 2270 1037 2332 et
1065 2270 1212 2354 sepultus

193 2356 417 2422 Alexandriae.

615 2448 697 2540 Cap.
717 2449 789 2520 IX.

282 2585 445 2652 Iohannes
466 2586 641 2672 apostolus,
666 2607 761 2671 quem
775 2582 866 2651 Iesus
886 2587 1007 2652 amavit
1023 2587 1212 2672 plurimum,

140 2674 175 2724 25
193 2675 279 2741 filius
299 2673 456 2740 Zebedaei
475 2677 508 2739 et
525 2673 626 2740 frater
643 2675 753 2754 Iacobi
772 2673 923 2760 apostoli,
946 2696 1041 2759 quem
1062 2675 1211 2742 Herodes

192 2768 269 2850 post
290 2763 477 2848 passionem
499 2762 634 2830 Domini
660 2764 840 2846 decollavit,
862 2763 1039 2830 novissime
1062 2766 1210 2830 omnium

194 2853 323 2938 scripsit
350 2853 567 2938 evangelium,
597 2857 732 2938 rogatus
761 2852 802 2917 ab
827 2851 925 2916 Asiae
953 2853 1129 2938 episcopis,
1157 2855 1211 2919 ad·

192 2964 304 3007 versus
327 2939 518 3007 Corinthum
541 2941 685 3027 aliosque
708 2941 889 3007 haereticos
913 2944 947 3005 et
968 2941 1108 3006 maxime
1132 2945 1213 3008 tunc

192 3028 421 3095 Ebionitarum
440 3030 559 3116 dogma
577 3051 785 3116 consurgens,
803 3030 859 3114 qui
877 3031 1027 3094 asserunt
1041 3028 1212 3096 Christum

139 3121 174 3170 30
194 3121 269 3183 ante
293 3117 431 3210 Mariam
458 3140 527 3184 non
549 3119 659 3184 fuisse.
705 3117 798 3185 Unde
826 3118 924 3184 etiarn
947 3119 1136 3202 compulsus
1160 3123 1213 3184 est

263 3257 381 3313 4Vat:
401 3257 598 3326 quodcumque
696 3258 829 3314 eBamb.
849 3261 878 3312 at
895 3257 1035 3312 Norimbr
1055 3258 1138 3328 epist.
1159 3275 1214 3312 sua

192 3327 259 3385 eof.
275 3335 298 3384 1.
308 3328 383 3386 Petr.
399 3334 423 3396 1,
433 3333 458 3395 ι,
471 3335 502 3382 13
555 3333 589 3383 10
604 3328 654 3383 al:
664 3329 800 3411 collecta,
814 3328 894 3384 Vatr
887 3329 1065 3384 ·cnmelecta
1109 3333 1144 3384 18
1159 3329 1211 3382 ιιι

194 3399 246 3454 ‘ct'
266 3416 322 3455 non
345 3369 458 3454 babeht
523 3405 556 3453 19
575 3399 624 3454 ιι·
648 3399 688 3454 sie
707 3402 736 3456 et
752 3400 802 3455 ille
821 3399 944 3468 quod..
960 3399 1135 3472 .cemebat,
1153 3417 1212 3454 me

191 3469 297 3526 moriae
324 3471 444 3526 tradidit
541 3475 575 3552 22
603 3471 639 3526 ιι.
668 3471 789 3526 addunt:
818 3440 984 3526 succedente
1013 3461 1069 3524 sibi
1096 3442 1212 3526 Abiano

192 3539 311 3609 (Anano)
383 3548 417 3598 26
437 3541 485 3596 ιιι
479 3539 672 3596 ·novissimns
