2546 4036
565 321 608 333 ..
654 283 698 348 36
746 318 784 328 ..

528 429 612 522 Gap.
643 425 830 538 XLVIII.
953 420 967 445 '

260 563 424 632 Candidus
438 566 651 651 regnantibus
671 574 770 649 supra
789 563 917 649 scriptis
937 563 972 628 in
991 559 1191 626 hexameron

170 655 405 742 pulcherrimos
428 658 587 720 tractatus
611 654 741 719 edidit·
773 663 774 671 ¹
995 673 998 680 ·

552 836 634 926 Gap.
660 833 809 906 XLIX.

120 993 136 1040 5
262 973 394 1058 Appion
422 971 483 1038 sub
510 969 631 1039 Severo
666 973 814 1058 principe
846 971 996 1036 similiter
1028 970 1065 1034 in
1096 969 1192 1034 hexe-

172 1083 285 1128 meron
306 1064 465 1128 hecates
487 1061 573 1128 feeit.

607 1206 689 1298 Gap.
717 1205 760 1278 L.

262 1341 378 1408 Sextus
402 1343 462 1409 sub
480 1343 674 1428 imperatore
693 1341 812 1409 Severo
835 1343 953 1408 librum
972 1342 1011 1407 de
1032 1363 1190 1406 resurrec-

173 1433 265 1497 tione
287 1431 426 1516 scripsit.
926 1457 929 1463 ¹

122 1575 156 1624 10
596 1541 677 1632 cap.
705 1541 771 1612 ur.

263 1677 446 1742 Arabianus
466 1677 525 1742 sub
544 1677 658 1743 eodem
679 1678 782 1743 edidit
799 1678 957 1763 quaedam
975 1678 1133 1762 opuscula
1152 1676 1191 1741 ad

175 1764 399 1832 Christianum
422 1766 541 1851 dogma
564 1767 768 1850 pertinentia.

583 1947 665 2038 cap.
692 1946 780 2018 arr.

264 2081 361 2150 ludas
385 2083 423 2149 de
454 2085 661 2170 septuaginta
685 2084 771 2168 apud
792 2084 911 2150 Daniel
932 2082 1191 2149 hebdomadibus
1266 2143 1267 2158 ἓ

125 2199 157 2249 15
176 2171 363 2257 plenissime
381 2172 560 2258 disputavit
573 2175 606 2238 et
619 2174 873 2257 χρονογραφίαν
891 2172 1092 2256 superiorum
1111 2175 1193 2236 tem·

175 2283 291 2346 porum
314 2283 415 2346 usque
439 2261 480 2326 ad
502 2261 661 2326 decimum
685 2259 793 2327 Severi
815 2260 966 2347 perduxit
988 2281 1120 2325 annum.

264 2349 304 2413 In
323 2371 386 2434 qua
400 2349 517 2414 erroris
536 2349 692 2435 arguitur,
711 2349 797 2435 quod
816 2349 989 2414 adventum
1008 2347 1193 2414 antichristi
1265 2371 1266 2396 ³

176 2437 263 2501 circa
286 2459 345 2502 sua
366 2440 514 2522 tempora
536 2437 681 2504 futurum
700 2459 770 2503 esse
793 2437 922 2522 dixerit3
947 2436 1003 2504 sed
1023 2435 1086 2501 hoe
1110 2437 1192 2520 ideo,

177 2525 254 2610 quia
267 2524 459 2609 magnitudo
473 2526 734 2610 persecutionum
745 2529 948 2612 praesentem
962 2524 1074 2590 mundi
1088 2524 1192 2590 mina·

122 2641 157 2690 20
176 2613 272 2678 batur
295 2633 453 2679 occasum.

575 2724 656 2816 Cup.
683 2724 796 2797 LIII.

266 2861 483 2928 Tertullianus
507 2863 679 2948 presbyter
705 2883 792 2926 nunc
815 2861 944 2927 demum
966 2861 1089 2946 primus
1117 2863 1193 2945 post

176 2949 343 3015 Victorem
358 2955 391 3016 et
408 2951 619 3036 Apollonium
637 2949 829 3016 Latinorum
847 2951 989 3034 ponitur,
1006 2949 1193 3034 provinciae

177 3037 318 3123 Africae,
337 3039 478 3104 civitatis
493 3037 781 3126 Carthaginiensis,
799 3042 892 3123 patre
913 3038 1100 3104 centurione
1119 3059 1193 3122 pro
1263 3045 1264 3087 l

124 3152 159 3201 25
179 3127 349 3191 consulari.
386 3125 449 3191 Hic
467 3127 551 3191 acris
575 3130 608 3191 et
626 3127 825 3192 vehementis
848 3127 974 3212 ingenii
997 3126 1057 3191 sub
1072 3123 1193 3192 Severo

178 3214 323 3301 principe
347 3218 380 3278 et
401 3213 570 3279 Antonino
594 3212 763 3280 Caracalla
784 3216 923 3281 maxime
945 3214 1055 3280 floruit
1076 3215 1195 3279 multa·
1262 3263 1263 3302 3

178 3325 240 3389 que
264 3303 394 3387 scripsit
416 3302 593 3386 volumina,
616 3323 715 3387 quae,
738 3304 813 3388 quia
835 3307 914 3369 nota
937 3306 1014 3369 sunt
1035 3303 1195 3388 pluribus,
1262 3305 1263 3359 l

177 3391 473 3474 praetermittimus.
498 3388 575 3455 Vidi
593 3411 654 3476 ego
668 3391 829 3477 quendam
842 3389 979 3459 Paulum
994 3389 1195 3458 Concordiae
1261 3443 1262 3476 ἦ

251 3535 282 3584 11
302 3531 339 3586 al.
358 3529 478 3585 addunt:
496 3527 624 3601 principe
