2546 4036
544 220 769 284 ...38-

149 360 205 444 qui
233 363 327 426 tanta
354 361 507 426 adversus
535 381 609 426 eum
637 360 853 426 debacchatus
875 361 1009 426 insania
1036 364 1101 446 est,
1129 365 1166 426 ut

148 469 207 533 per
224 452 333 514 totum·
349 450 460 515 orbem
480 469 576 534 super
588 449 719 514 nomine
739 449 807 530 eius
826 448 989 515 scriberet.
1026 448 1165 516 Constat

149 559 231 620 eum,
250 541 425 624 antequam
443 536 635 604 Caesaream
654 538 821 623 migraret,
842 537 942 602 fuisse
961 536 1085 604 Romae
1106 539 1179 604 sub¹

148 624 328 710 Zepherino
356 627 522 711 episcopo,
549 628 582 690 et
609 626 722 691 statim
744 625 972 692 Alexandriam
999 647 1166 692 reversum

113 713 319 780 afleraclam
338 715 572 799 presbyterum,
592 715 699 799 quiin
718 714 834 780 habitu
852 713 1039 798 philosophi
1057 737 1167 800 perse-

147 803 290 888 verabat,
310 803 489 868 adiutorem
508 803 572 868 sibi
590 802 707 868 fecisse
720 802 944 887 κατηχήσεων,
963 803 1167 888 quiquidem

148 894 181 956 et
210 896 288 976 post
318 891 519 958 Demetrium
552 890 807 956 Alexandrinam
845 891 952 956 tenuit
987 892 1167 958 ecclesiam.

149 977 297 1056 Quantae
319 983 427 1045 autem
450 979 574 1065 gloriae
599 979 802 1064 fuerithinc
822 979 1073 1064 apparet,'qu0d
1096 979 1173 1044 Fra

147 1068 326 1150 millianus,
349 1065 527 1134 Caesareae
550 1069 731 1153 episcopus,
753 1089 825 1132 cum
849 1068 938 1133 omni
958 1065 1170 1169 Cappadocia

97 1173 130 1220 10
149 1177 225 1220 enm
255 1118 407 1220 invitavit
438 1162 472 1220 et
494 1156 550 1222 din
578 1159 739 1221 tenuitet
765 1159 879 1240 postea
906 1155 966 1220 sub
995 1157 1166 1221 occasione

148 1248 335 1310 sanctorum
353 1244 498 1312 locorum
516 1243 738 1308 Palaestinam
756 1245 897 1310 veniens
913 1245 968 1309 diu
985 1242 1171 1310 Caesareae

148 1333 189 1396 ab
218 1354 255 1398 eo
279 1333 314 1398 in
341 1333 461 1398 sanctis
490 1333 591 1418 script
592 1333 658 1396 uris
685 1332 829 1397 eruditus
858 1338 926 1416 est,
948 1332 1005 1398 sed
1029 1337 1062 1397 et
1084 1332 1166 1400 illud

148 1421 233 1504 quod
266 1422 306 1486 ad
330 1421 559 1506 Mammaeam,
581 1423 719 1486 matrem
742 1383 919 1486 Alexandri
950 1421 1167 1505 imperatoris,

147 1509 333 1594 religiosam
347 1511 503 1574 feminam
516 1515 649 1595 rogatus
663 1509 753 1574 venit
766 1509 975 1574 Antiochiam
991 1513 1024 1574 et
1038 1531 1166 1574 summo

96 1613 129 1662 ιι
148 1597 271 1662 honore
307 1597 438 1662 habitus
475 1601 526 1662 est
562 1601 595 1662 et
631 1597 672 1661 ad
704 1596 891 1682 Philippum
927 1599 1167 1681 imperatorem,

149 1685 203 1770 qui
246 1685 369 1769 primus
406 1685 446 1750 de
483 1685 614 1771 regibus
651 1683 807 1750 Romanis
849 1684 1054 1751 Christianus
1096 1686 1168 1769 snit,
1264 1685 1265 1742 i

149 1777 181 1838 et
213 1773 253 1838 ad
285 1777 424 1839 matrem
455 1773 523 1838 eius
555 1774 682 1840 litteras
713 1773 791 1838 fecit
823 1795 904 1859 quae
936 1795 1038 1858 usque
1070 1774 1168 1840 hodie

149 1865 315 2027 exstatthis
347 1955 456 2016 autem
488 1951 634 2037 ignorat,
672 1950 759 2036 quod
789 1954 916 2016 tantum
947 1949 1100 2016 habuerit
1131 1951 1169 2015 in

95 2057 129 2104 ιο
149 2039 316 2123 scripturis
340 2041 461 2106 sanctis
484 2040 597 2123 studii,
626 2042 665 2104 ut
692 2039 791 2104 etiam
818 2037 991 2105 hebraeam
1021 2039 1169 2123 linguam

149 2131 261 2192 contra
296 2129 412 2193 aetatis
452 2128 620 2213 gentisque
652 2149 730 2192 suae
762 2131 914 2193 naturam
947 2127 1104 2192 edisceret
1136 2130 1170 2192 et
1263 2205 1264 2212 ἵ

148 2216 290 2301 exceptis
305 2216 512 2301 septuaginta
525 2216 759 2300 interpretibus
772 2215 854 2281 alios
870 2237 997 2300 qnoque
1008 2215 1084 2280 edit
1060 2219 1167 2281 tiones

146 2305 182 2368 in
193 2327 293 2370 unum
311 2303 546 2406 congregaret?
565 2303 704 2388 Aquilae
719 2303 851 2387 scilicet,
864 2303 992 2368 Pontici
1005 2304 1167 2388 proselyti

147 2396 180 2456 et
202 2392 360 2458 Theodot'
337 2394 435 2457 tronis
458 2391 676 2456 Hebioneit
643 2395 676 2456 et
699 2389 884 2500 Symmachi
914 2391 1057 2456 eiusdem
1087 2393 1170 2478 dog

94 2497 128 2545 ιι
147 2480 254 2564 matis,
269 2480 369 2565 quiin
385 2479 587 2565 evangelium
598 2501 724 2565 quoque
737 2474 820 2545 κατὰ
834 2483 1019 2546 Mactatur
1035 2481 1169 2564 scripsit

148 2569 412 2653 commentarios,
449 2568 487 2632 de
521 2590 583 2654 quo
622 2573 655 2633 et
691 2591 785 2634 suum
825 2563 945 2653 dogma
976 2569 1169 2634 confirmare

147 2660 245 2722 conat
246 2679 292 2722 ur.
343 2657 515 2722 Praeterea
542 2657 689 2740 quintam
717 2662 750 2722 et
778 2661 904 2721 sertam
933 2660 967 2721 et
994 2657 1170 2740 septimam

148 2745 332 2830 editionem,
349 2768 429 2832 quas
449 2746 547 2810 etiam
566 2766 627 2811 nos
643 2745 681 2810 de
701 2745 769 2809 eius
784 2745 982 2810 bibliotheca
999 2745 1170 2830 hebemus,

150 2834 232 2900 miro
260 2835 371 2900 labore
399 2835 544 2918 repperit
566 2839 599 2900 et
621 2857 694 2900 cum
717 2834 832 2898 ceteris
862 2832 1057 2900 editionibus
1082 2856 1169 2900 com·
1262 2905 1263 2908 ,

95 2939 130 2988 30
148 2923 284 3005 paravit

237 3010 282 3076 nt
319 3013 395 3095 quia
426 3011 567 3077 indicem
599 3032 733 3095 operum
765 3009 834 3075 eius
870 3011 906 3075 in
949 3011 1169 3076 voluminibus

150 3097 361 3181 epistularum
387 3121 468 3184 quas
496 3098 536 3163 ad
563 3097 699 3164 Paulam
731 3099 933 3185 scripsimus,
965 3101 1000 3164 in
1028 3100 1170 3185 quadam

149 3186 289 3270 epistula
312 3190 425 3252 contra
442 3186 601 3252 Varronis
625 3186 794 3252 conferens
813 3188 917 3272 posui,
939 3209 1027 3253 nunc
1050 3189 1169 3254 omitto

222 3349 268 3398 ιι
275 3344 327 3398 hoc
347 3343 408 3398 loco
423 3343 614 3398 anacoluthon
632 3343 677 3398 est
736 3349 769 3399 19
788 3342 886 3402 Bamb.
902 3347 931 3399 et
944 3344 1087 3400 Norimba
1081 3346 1205 3416 ·quis

149 3415 262 3496 ignorat
279 3416 308 3470 et
393 3418 427 3469 ιι
446 3413 524 3470 Vah:
518 3416 609 3469 ·cata
625 3414 803 3470 Matthaenm
875 3421 908 3470 31
929 3415 1001 3485 Vat,
1020 3415 1122 3474 Bamb.
1141 3419 1172 3472 et

150 3484 290 3540 Norimbc
310 3484 404 3554 operis
476 3490 509 3540 33
528 3482 628 3540 Bamb.
648 3487 677 3540 et
694 3485 835 3541 Norimbc
854 3458 1001 3542 Varronis
1006 3503 1094 3557 opera
