<?xml version="1.0" encoding="UTF-8"?>
<!DOCTYPE html PUBLIC "-//W3C//DTD XHTML 1.0 Transitional//EN"
    "http://www.w3.org/TR/xhtml1/DTD/xhtml1-transitional.dtd">
<html xmlns="http://www.w3.org/1999/xhtml" xml:lang="en" lang="en">
 <head>
  <title>
</title>
<meta http-equiv="Content-Type" content="text/html;charset=utf-8" />
  <meta name='ocr-system' content='tesseract 3.04.00' />
  <meta name='ocr-capabilities' content='ocr_page ocr_carea ocr_par ocr_line ocrx_word'/>
</head>
<body>
  <div class='ocr_page' id='page_1' title='image "./devirisinlustri00herdgoog_0192.png"; bbox 0 0 2552 4048; ppageno 0'>
   <div class='ocr_carea' id='block_1_1' title="bbox 568 250 787 314">
    <p class='ocr_par' dir='ltr' id='par_1_1' title="bbox 568 250 787 314">
     <span class='ocr_line' id='line_1_1' title="bbox 568 250 787 314; baseline 0 -18"><span class='ocrx_word' id='word_1_1' title='bbox 568 250 787 314; x_wconf 68' lang='lat'>..20-</span> 
     </span>
    </p>
   </div>
   <div class='ocr_carea' id='block_1_2' title="bbox 117 406 1229 2688">
    <p class='ocr_par' dir='ltr' id='par_1_2' title="bbox 117 406 1227 1643">
     <span class='ocr_line' id='line_1_2' title="bbox 117 406 1186 476; baseline -0.006 -1"><span class='ocrx_word' id='word_1_2' title='bbox 117 409 158 475; x_wconf 86' lang='lat'><strong>31</strong></span> <span class='ocrx_word' id='word_1_3' title='bbox 258 409 320 475; x_wconf 87' lang='lat' dir='ltr'><strong>His</strong></span> <span class='ocrx_word' id='word_1_4' title='bbox 353 431 428 475; x_wconf 86' lang='lat' dir='ltr'><strong>vero</strong></span> <span class='ocrx_word' id='word_1_5' title='bbox 461 410 496 474; x_wconf 94' lang='lat' dir='ltr'><strong>in</strong></span> <span class='ocrx_word' id='word_1_6' title='bbox 525 409 620 476; x_wconf 87' lang='lat' dir='ltr'><strong>corde</strong></span> <span class='ocrx_word' id='word_1_7' title='bbox 647 431 705 474; x_wconf 89' lang='lat' dir='ltr'><strong>suo</strong></span> <span class='ocrx_word' id='word_1_8' title='bbox 735 408 831 474; x_wconf 86' lang='lat' dir='ltr'><strong>dictis</strong></span> <span class='ocrx_word' id='word_1_9' title='bbox 859 406 986 472; x_wconf 86' lang='lat' dir='ltr'><strong>Helena</strong></span> <span class='ocrx_word' id='word_1_10' title='bbox 1015 406 1186 472; x_wconf 83' lang='lat' dir='ltr'><strong>encenium</strong></span> 
     </span>
     <span class='ocr_line' id='line_1_3' title="bbox 168 496 1186 585; baseline -0.005 -21"><span class='ocrx_word' id='word_1_11' title='bbox 168 499 371 585; x_wconf 86' lang='lat' dir='ltr'><strong>praedictum</strong></span> <span class='ocrx_word' id='word_1_12' title='bbox 390 499 429 563; x_wconf 90' lang='lat' dir='ltr'><strong>de</strong></span> <span class='ocrx_word' id='word_1_13' title='bbox 448 521 547 564; x_wconf 89' lang='lat' dir='ltr'><strong>manu</strong></span> <span class='ocrx_word' id='word_1_14' title='bbox 565 519 666 563; x_wconf 90' lang='lat' dir='ltr'><strong>nurus</strong></span> <span class='ocrx_word' id='word_1_15' title='bbox 685 518 762 562; x_wconf 91' lang='lat' dir='ltr'><strong>suae</strong></span> <span class='ocrx_word' id='word_1_16' title='bbox 781 497 902 579; x_wconf 87' lang='lat' dir='ltr'><strong>recepit</strong></span> <span class='ocrx_word' id='word_1_17' title='bbox 920 496 1090 579; x_wconf 87' lang='lat' dir='ltr'><strong>ipsumque</strong></span> <span class='ocrx_word' id='word_1_18' title='bbox 1109 499 1186 579; x_wconf 90' lang='lat' dir='ltr'><strong>post</strong></span> 
     </span>
     <span class='ocr_line' id='line_1_4' title="bbox 168 584 1187 671; baseline -0.005 -18"><span class='ocrx_word' id='word_1_19' title='bbox 168 590 249 654; x_wconf 91' lang='lat' dir='ltr'><strong>baec</strong></span> <span class='ocrx_word' id='word_1_20' title='bbox 276 610 343 654; x_wconf 90' lang='lat' dir='ltr'><strong>non</strong></span> <span class='ocrx_word' id='word_1_21' title='bbox 369 588 482 652; x_wconf 90' lang='lat' dir='ltr'><strong>multis</strong></span> <span class='ocrx_word' id='word_1_22' title='bbox 511 587 631 671; x_wconf 89' lang='lat' dir='ltr'><strong>elapsis</strong></span> <span class='ocrx_word' id='word_1_23' title='bbox 660 585 775 650; x_wconf 91' lang='lat' dir='ltr'><strong>diebus</strong></span> <span class='ocrx_word' id='word_1_24' title='bbox 804 584 950 651; x_wconf 85' lang='lat' dir='ltr'><strong>vendidit</strong></span> <span class='ocrx_word' id='word_1_25' title='bbox 977 605 1036 666; x_wconf 84' lang='lat' dir='ltr'><strong>pro</strong></span> <span class='ocrx_word' id='word_1_26' title='bbox 1064 603 1187 666; x_wconf 85' lang='lat' dir='ltr'><strong>magna</strong></span> 
     </span>
     <span class='ocr_line' id='line_1_5' title="bbox 169 672 1186 762; baseline -0.006 -20"><span class='ocrx_word' id='word_1_27' title='bbox 169 678 325 762; x_wconf 87' lang='lat' dir='ltr'><strong>pecuniae</strong></span> <span class='ocrx_word' id='word_1_28' title='bbox 352 677 548 760; x_wconf 81' lang='lat' dir='ltr'><strong>quantitate3</strong></span> <span class='ocrx_word' id='word_1_29' title='bbox 576 675 616 740; x_wconf 88' lang='lat' dir='ltr'><strong>de</strong></span> <span class='ocrx_word' id='word_1_30' title='bbox 643 675 733 740; x_wconf 89' lang='lat' dir='ltr'><strong>cuius</strong></span> <span class='ocrx_word' id='word_1_31' title='bbox 761 673 891 758; x_wconf 91' lang='lat' dir='ltr'><strong>quidem</strong></span> <span class='ocrx_word' id='word_1_32' title='bbox 913 672 1068 755; x_wconf 89' lang='lat' dir='ltr'><strong>pecuniae</strong></span> <span class='ocrx_word' id='word_1_33' title='bbox 1091 676 1186 756; x_wconf 85' lang='lat' dir='ltr'><strong>parte</strong></span> 
     </span>
     <span class='ocr_line' id='line_1_6' title="bbox 169 760 1212 848; baseline -0.011 -17"><span class='ocrx_word' id='word_1_34' title='bbox 169 788 270 831; x_wconf 92' lang='lat' dir='ltr'><strong>unum</strong></span> <span class='ocrx_word' id='word_1_35' title='bbox 298 765 514 846; x_wconf 77' lang='lat' dir='ltr'><strong>domicilium,</strong></span> <span class='ocrx_word' id='word_1_36' title='bbox 540 765 576 828; x_wconf 90' lang='lat' dir='ltr'><strong>iu</strong></span> <span class='ocrx_word' id='word_1_37' title='bbox 603 785 665 848; x_wconf 91' lang='lat' dir='ltr'><strong>quo</strong></span> <span class='ocrx_word' id='word_1_38' title='bbox 691 785 749 846; x_wconf 89' lang='lat' dir='ltr'><strong>per</strong></span> <span class='ocrx_word' id='word_1_39' title='bbox 773 763 884 846; x_wconf 89' lang='lat' dir='ltr'><strong>aliqua</strong></span> <span class='ocrx_word' id='word_1_40' title='bbox 906 765 1054 844; x_wconf 89' lang='lat' dir='ltr'><strong>tempora</strong></span> <span class='ocrx_word' id='word_1_41' title='bbox 1077 760 1212 843; x_wconf 77' lang='lat' dir='ltr'><strong>hospi-s</strong></span> 
     </span>
     <span class='ocr_line' id='line_1_7' title="bbox 169 848 1188 936; baseline -0.008 -16"><span class='ocrx_word' id='word_1_42' title='bbox 169 855 252 920; x_wconf 91' lang='lat' dir='ltr'><strong>tium</strong></span> <span class='ocrx_word' id='word_1_43' title='bbox 276 853 408 919; x_wconf 85' lang='lat' dir='ltr'><strong>advenis</strong></span> <span class='ocrx_word' id='word_1_44' title='bbox 426 853 533 917; x_wconf 88' lang='lat' dir='ltr'><strong>tenuit</strong></span> <span class='ocrx_word' id='word_1_45' title='bbox 552 855 584 916; x_wconf 87' lang='lat' dir='ltr'><strong>et</strong></span> <span class='ocrx_word' id='word_1_46' title='bbox 604 851 750 936; x_wconf 77' lang='lat' dir='ltr'><strong>hospites</strong></span> <span class='ocrx_word' id='word_1_47' title='bbox 770 850 1032 934; x_wconf 81' lang='lat' dir='ltr'><strong>supervenientes</strong></span> <span class='ocrx_word' id='word_1_48' title='bbox 1055 848 1188 933; x_wconf 88' lang='lat' dir='ltr'><strong>reecpit,</strong></span> 
     </span>
     <span class='ocr_line' id='line_1_8' title="bbox 170 936 1188 1026; baseline -0.008 -18"><span class='ocrx_word' id='word_1_49' title='bbox 170 943 381 1026; x_wconf 87' lang='lat' dir='ltr'><strong>comparavit.</strong></span> <span class='ocrx_word' id='word_1_50' title='bbox 431 941 477 1006; x_wconf 79' lang='lat' dir='ltr'><strong>Et</strong></span> <span class='ocrx_word' id='word_1_51' title='bbox 509 941 556 1006; x_wconf 86' lang='lat' dir='ltr'><strong>sio</strong></span> <span class='ocrx_word' id='word_1_52' title='bbox 586 940 674 1006; x_wconf 85' lang='lat' dir='ltr'><strong>facta</strong></span> <span class='ocrx_word' id='word_1_53' title='bbox 709 938 903 1021; x_wconf 90' lang='lat' dir='ltr'><strong>stabularia,</strong></span> <span class='ocrx_word' id='word_1_54' title='bbox 940 959 975 1002; x_wconf 92' lang='lat' dir='ltr'><strong>se</strong></span> <span class='ocrx_word' id='word_1_55' title='bbox 1007 936 1122 1002; x_wconf 87' lang='lat' dir='ltr'><strong>exinde</strong></span> <span class='ocrx_word' id='word_1_56' title='bbox 1155 941 1188 1000; x_wconf 89' lang='lat' dir='ltr'><strong>et</strong></span> 
     </span>
     <span class='ocr_line' id='line_1_9' title="bbox 169 1025 1187 1098; baseline -0.006 -2"><span class='ocrx_word' id='word_1_57' title='bbox 169 1054 287 1098; x_wconf 89' lang='lat' dir='ltr'><strong>nurum</strong></span> <span class='ocrx_word' id='word_1_58' title='bbox 320 1052 413 1096; x_wconf 89' lang='lat' dir='ltr'><strong>suam</strong></span> <span class='ocrx_word' id='word_1_59' title='bbox 444 1052 510 1094; x_wconf 90' lang='lat' dir='ltr'><strong>una</strong></span> <span class='ocrx_word' id='word_1_60' title='bbox 541 1051 614 1094; x_wconf 89' lang='lat' dir='ltr'><strong>cum</strong></span> <span class='ocrx_word' id='word_1_61' title='bbox 646 1028 714 1093; x_wconf 85' lang='lat' dir='ltr'><strong>filio</strong></span> <span class='ocrx_word' id='word_1_62' title='bbox 747 1048 805 1092; x_wconf 90' lang='lat' dir='ltr'><strong>suo</strong></span> <span class='ocrx_word' id='word_1_63' title='bbox 821 1095 823 1098; x_wconf 83' lang='lat'><em>.</em></span> <span class='ocrx_word' id='word_1_64' title='bbox 839 1026 996 1091; x_wconf 87' lang='lat' dir='ltr'><strong>enutrivit</strong></span> <span class='ocrx_word' id='word_1_65' title='bbox 1027 1025 1187 1090; x_wconf 90' lang='lat' dir='ltr'><strong>decenter.</strong></span> 
     </span>
     <span class='ocr_line' id='line_1_10' title="bbox 169 1114 1188 1198; baseline -0.007 -14"><span class='ocrx_word' id='word_1_66' title='bbox 169 1119 280 1184; x_wconf 91' lang='lat' dir='ltr'><strong>Nurus</strong></span> <span class='ocrx_word' id='word_1_67' title='bbox 308 1140 385 1184; x_wconf 80' lang='lat' dir='ltr'><strong>vero</strong></span> <span class='ocrx_word' id='word_1_68' title='bbox 413 1117 557 1185; x_wconf 82' lang='lat' dir='ltr'><strong>Helenae</strong></span> <span class='ocrx_word' id='word_1_69' title='bbox 586 1118 621 1182; x_wconf 89' lang='lat' dir='ltr'><strong>in</strong></span> <span class='ocrx_word' id='word_1_70' title='bbox 648 1119 778 1182; x_wconf 86' lang='lat' dir='ltr'><strong>textura</strong></span> <span class='ocrx_word' id='word_1_71' title='bbox 810 1137 946 1198; x_wconf 84' lang='lat' dir='ltr'><strong>operum</strong></span> <span class='ocrx_word' id='word_1_72' title='bbox 978 1114 1188 1178; x_wconf 87' lang='lat' dir='ltr'><strong>muliebrium</strong></span> 
     </span>
     <span class='ocr_line' id='line_1_11' title="bbox 170 1202 1227 1291; baseline -0.007 -19"><span class='ocrx_word' id='word_1_73' title='bbox 170 1211 436 1291; x_wconf 89' lang='lat' dir='ltr'><strong>sumptuosorum</strong></span> <span class='ocrx_word' id='word_1_74' title='bbox 450 1211 483 1271; x_wconf 93' lang='lat' dir='ltr'><strong>et</strong></span> <span class='ocrx_word' id='word_1_75' title='bbox 496 1207 658 1270; x_wconf 91' lang='lat' dir='ltr'><strong>nobilium</strong></span> <span class='ocrx_word' id='word_1_76' title='bbox 677 1204 850 1270; x_wconf 90' lang='lat' dir='ltr'><strong>secundum</strong></span> <span class='ocrx_word' id='word_1_77' title='bbox 870 1203 956 1286; x_wconf 88' lang='lat' dir='ltr'><strong>quod</strong></span> <span class='ocrx_word' id='word_1_78' title='bbox 970 1225 1061 1268; x_wconf 88' lang='lat' dir='ltr'><strong>suam</strong></span> <span class='ocrx_word' id='word_1_79' title='bbox 1080 1202 1189 1266; x_wconf 87' lang='lat' dir='ltr'><strong>decuit</strong></span> <span class='ocrx_word' id='word_1_80' title='bbox 1203 1220 1227 1259; x_wconf 88' lang='lat'><strong>10</strong></span> 
     </span>
     <span class='ocr_line' id='line_1_12' title="bbox 171 1289 1189 1362; baseline -0.006 -2"><span class='ocrx_word' id='word_1_81' title='bbox 171 1295 392 1362; x_wconf 85' lang='lat' dir='ltr'><strong>condicionem</strong></span> <span class='ocrx_word' id='word_1_82' title='bbox 415 1316 504 1359; x_wconf 90' lang='lat' dir='ltr'><strong>more</strong></span> <span class='ocrx_word' id='word_1_83' title='bbox 528 1294 750 1358; x_wconf 72' lang='lat' dir='ltr'><strong>subtilitatum</strong></span> <span class='ocrx_word' id='word_1_84' title='bbox 774 1291 927 1358; x_wconf 77' lang='lat' dir='ltr'><strong>Graeciae</strong></span> <span class='ocrx_word' id='word_1_85' title='bbox 954 1292 1036 1355; x_wconf 91' lang='lat' dir='ltr'><strong>bene</strong></span> <span class='ocrx_word' id='word_1_86' title='bbox 1060 1289 1189 1356; x_wconf 88' lang='lat' dir='ltr'><strong>erudita</strong></span> 
     </span>
     <span class='ocr_line' id='line_1_13' title="bbox 171 1379 1190 1468; baseline -0.007 -19"><span class='ocrx_word' id='word_1_87' title='bbox 171 1385 292 1450; x_wconf 87' lang='lat' dir='ltr'><strong>bonam</strong></span> <span class='ocrx_word' id='word_1_88' title='bbox 310 1382 481 1468; x_wconf 88' lang='lat' dir='ltr'><strong>pecuniam</strong></span> <span class='ocrx_word' id='word_1_89' title='bbox 500 1383 538 1446; x_wconf 90' lang='lat' dir='ltr'><strong>de</strong></span> <span class='ocrx_word' id='word_1_90' title='bbox 556 1382 669 1448; x_wconf 90' lang='lat' dir='ltr'><strong>labore</strong></span> <span class='ocrx_word' id='word_1_91' title='bbox 683 1403 837 1446; x_wconf 90' lang='lat' dir='ltr'><strong>manuum</strong></span> <span class='ocrx_word' id='word_1_92' title='bbox 856 1380 988 1445; x_wconf 89' lang='lat' dir='ltr'><strong>cottidie</strong></span> <span class='ocrx_word' id='word_1_93' title='bbox 1002 1379 1190 1444; x_wconf 91' lang='lat' dir='ltr'><strong>lucrabatur</strong></span> 
     </span>
     <span class='ocr_line' id='line_1_14' title="bbox 172 1467 1189 1555; baseline -0.007 -17"><span class='ocrx_word' id='word_1_94' title='bbox 172 1477 205 1538; x_wconf 88' lang='lat' dir='ltr'><strong>et</strong></span> <span class='ocrx_word' id='word_1_95' title='bbox 227 1472 373 1538; x_wconf 87' lang='lat' dir='ltr'><strong>Helenae</strong></span> <span class='ocrx_word' id='word_1_96' title='bbox 396 1475 553 1555; x_wconf 88' lang='lat' dir='ltr'><strong>tanquam</strong></span> <span class='ocrx_word' id='word_1_97' title='bbox 577 1493 654 1538; x_wconf 89' lang='lat' dir='ltr'><strong>suae</strong></span> <span class='ocrx_word' id='word_1_98' title='bbox 682 1469 831 1534; x_wconf 89' lang='lat' dir='ltr'><strong>dominae</strong></span> <span class='ocrx_word' id='word_1_99' title='bbox 860 1468 1032 1534; x_wconf 91' lang='lat' dir='ltr'><strong>oboediens</strong></span> <span class='ocrx_word' id='word_1_100' title='bbox 1056 1471 1089 1532; x_wconf 91' lang='lat' dir='ltr'><strong>et</strong></span> <span class='ocrx_word' id='word_1_101' title='bbox 1114 1467 1189 1532; x_wconf 78' lang='lat' dir='ltr'><strong>sub</strong></span> 
     </span>
     <span class='ocr_line' id='line_1_15' title="bbox 171 1556 1190 1643; baseline -0.005 -19"><span class='ocrx_word' id='word_1_102' title='bbox 171 1561 257 1626; x_wconf 90' lang='lat' dir='ltr'><strong>iecta</strong></span> <span class='ocrx_word' id='word_1_103' title='bbox 280 1561 416 1643; x_wconf 89' lang='lat' dir='ltr'><strong>obsequi</strong></span> <span class='ocrx_word' id='word_1_104' title='bbox 434 1581 500 1624; x_wconf 89' lang='lat' dir='ltr'><strong>non</strong></span> <span class='ocrx_word' id='word_1_105' title='bbox 523 1559 762 1643; x_wconf 85' lang='lat' dir='ltr'><strong>dedignabatur</strong></span> <span class='ocrx_word' id='word_1_106' title='bbox 780 1557 815 1622; x_wconf 92' lang='lat' dir='ltr'><strong>in</strong></span> <span class='ocrx_word' id='word_1_107' title='bbox 833 1557 984 1622; x_wconf 89' lang='lat' dir='ltr'><strong>omnibus</strong></span> <span class='ocrx_word' id='word_1_108' title='bbox 1005 1559 1038 1622; x_wconf 91' lang='lat' dir='ltr'><strong>et</strong></span> <span class='ocrx_word' id='word_1_109' title='bbox 1058 1556 1190 1621; x_wconf 79' lang='lat' dir='ltr'><strong>servire.</strong></span> 
     </span>
    </p>

    <p class='ocr_par' dir='ltr' id='par_1_3' title="bbox 119 1643 1229 2688">
     <span class='ocr_line' id='line_1_16' title="bbox 119 1643 1228 1729; baseline -0.003 -19"><span class='ocrx_word' id='word_1_110' title='bbox 119 1643 162 1710; x_wconf 78' lang='lat'><strong>32</strong></span> <span class='ocrx_word' id='word_1_111' title='bbox 261 1645 495 1714; x_wconf 69' lang='lat' dir='ltr'><strong>Constantinus</strong></span> <span class='ocrx_word' id='word_1_112' title='bbox 510 1649 620 1712; x_wconf 89' lang='lat' dir='ltr'><strong>autem</strong></span> <span class='ocrx_word' id='word_1_113' title='bbox 638 1667 716 1710; x_wconf 87' lang='lat' dir='ltr'><strong>suae</strong></span> <span class='ocrx_word' id='word_1_114' title='bbox 733 1667 870 1728; x_wconf 91' lang='lat' dir='ltr'><strong>sequens</strong></span> <span class='ocrx_word' id='word_1_115' title='bbox 887 1643 1071 1710; x_wconf 88' lang='lat' dir='ltr'><strong>nobilitatis</strong></span> <span class='ocrx_word' id='word_1_116' title='bbox 1091 1644 1228 1729; x_wconf 79' lang='lat' dir='ltr'><strong>origi-1⁵</strong></span> 
     </span>
     <span class='ocr_line' id='line_1_17' title="bbox 171 1732 1192 1820; baseline -0.004 -19"><span class='ocrx_word' id='word_1_117' title='bbox 171 1758 261 1816; x_wconf 89' lang='lat' dir='ltr'><strong>nem,</strong></span> <span class='ocrx_word' id='word_1_118' title='bbox 289 1757 388 1820; x_wconf 88' lang='lat' dir='ltr'><strong>quam</strong></span> <span class='ocrx_word' id='word_1_119' title='bbox 414 1739 526 1800; x_wconf 89' lang='lat' dir='ltr'><strong>tamen</strong></span> <span class='ocrx_word' id='word_1_120' title='bbox 553 1735 683 1819; x_wconf 88' lang='lat' dir='ltr'><strong>penitus</strong></span> <span class='ocrx_word' id='word_1_121' title='bbox 711 1733 888 1818; x_wconf 83' lang='lat' dir='ltr'><strong>ignoravit,</strong></span> <span class='ocrx_word' id='word_1_122' title='bbox 912 1756 946 1798; x_wconf 90' lang='lat' dir='ltr'><strong>se</strong></span> <span class='ocrx_word' id='word_1_123' title='bbox 970 1755 1010 1798; x_wconf 83' lang='lat' dir='ltr'><strong>ex</strong></span> <span class='ocrx_word' id='word_1_124' title='bbox 1032 1732 1192 1798; x_wconf 87' lang='lat' dir='ltr'><strong>instinctu</strong></span> 
     </span>
     <span class='ocr_line' id='line_1_18' title="bbox 173 1821 1191 1910; baseline -0.004 -20"><span class='ocrx_word' id='word_1_125' title='bbox 173 1826 327 1910; x_wconf 90' lang='lat' dir='ltr'><strong>quodam,</strong></span> <span class='ocrx_word' id='word_1_126' title='bbox 356 1845 451 1908; x_wconf 90' lang='lat' dir='ltr'><strong>quem</strong></span> <span class='ocrx_word' id='word_1_127' title='bbox 480 1824 543 1888; x_wconf 90' lang='lat' dir='ltr'><strong>sibi</strong></span> <span class='ocrx_word' id='word_1_128' title='bbox 569 1826 687 1888; x_wconf 87' lang='lat' dir='ltr'><strong>natura</strong></span> <span class='ocrx_word' id='word_1_129' title='bbox 721 1843 760 1886; x_wconf 83' lang='lat' dir='ltr'><strong>ex</strong></span> <span class='ocrx_word' id='word_1_130' title='bbox 786 1822 892 1887; x_wconf 89' lang='lat' dir='ltr'><strong>nobili</strong></span> <span class='ocrx_word' id='word_1_131' title='bbox 924 1821 1083 1909; x_wconf 82' lang='lat' dir='ltr'><strong>sanguine</strong></span> <span class='ocrx_word' id='word_1_132' title='bbox 1115 1843 1191 1906; x_wconf 86' lang='lat' dir='ltr'><strong>pro-</strong></span> 
     </span>
     <span class='ocr_line' id='line_1_19' title="bbox 173 1909 1192 1996; baseline -0.004 -18"><span class='ocrx_word' id='word_1_133' title='bbox 173 1917 284 1978; x_wconf 88' lang='lat' dir='ltr'><strong>creata</strong></span> <span class='ocrx_word' id='word_1_134' title='bbox 314 1911 560 1996; x_wconf 80' lang='lat' dir='ltr'><strong>ingeminavit,</strong></span> <span class='ocrx_word' id='word_1_135' title='bbox 589 1912 745 1978; x_wconf 88' lang='lat' dir='ltr'><strong>adactus</strong></span> <span class='ocrx_word' id='word_1_136' title='bbox 769 1911 929 1976; x_wconf 88' lang='lat' dir='ltr'><strong>militares</strong></span> <span class='ocrx_word' id='word_1_137' title='bbox 953 1933 988 1976; x_wconf 90' lang='lat' dir='ltr'><strong>se</strong></span> <span class='ocrx_word' id='word_1_138' title='bbox 1011 1909 1109 1974; x_wconf 91' lang='lat' dir='ltr'><strong>dedit.</strong></span> <span class='ocrx_word' id='word_1_139' title='bbox 1145 1909 1192 1976; x_wconf 81' lang='lat' dir='ltr'><strong>llt</strong></span> 
     </span>
     <span class='ocr_line' id='line_1_20' title="bbox 174 1997 1192 2066; baseline -0.004 0"><span class='ocrx_word' id='word_1_140' title='bbox 174 2002 210 2066; x_wconf 90' lang='lat' dir='ltr'><strong>in</strong></span> <span class='ocrx_word' id='word_1_141' title='bbox 231 2004 361 2066; x_wconf 89' lang='lat' dir='ltr'><strong>tantum</strong></span> <span class='ocrx_word' id='word_1_142' title='bbox 384 2002 420 2066; x_wconf 89' lang='lat' dir='ltr'><strong>in</strong></span> <span class='ocrx_word' id='word_1_143' title='bbox 441 2001 628 2066; x_wconf 90' lang='lat' dir='ltr'><strong>hastiludiis</strong></span> <span class='ocrx_word' id='word_1_144' title='bbox 652 2003 684 2065; x_wconf 92' lang='lat' dir='ltr'><strong>et</strong></span> <span class='ocrx_word' id='word_1_145' title='bbox 706 1997 942 2065; x_wconf 84' lang='lat' dir='ltr'><strong>tumeamentis</strong></span> <span class='ocrx_word' id='word_1_146' title='bbox 961 2003 994 2064; x_wconf 89' lang='lat' dir='ltr'><strong>et</strong></span> <span class='ocrx_word' id='word_1_147' title='bbox 1012 1999 1087 2064; x_wconf 88' lang='lat' dir='ltr'><strong>aliis</strong></span> <span class='ocrx_word' id='word_1_148' title='bbox 1106 1999 1192 2064; x_wconf 90' lang='lat' dir='ltr'><strong>mili-</strong></span> 
     </span>
     <span class='ocr_line' id='line_1_21' title="bbox 173 2087 1229 2173; baseline -0.005 -19"><span class='ocrx_word' id='word_1_149' title='bbox 173 2089 300 2154; x_wconf 87' lang='lat' dir='ltr'><strong>taribus</strong></span> <span class='ocrx_word' id='word_1_150' title='bbox 324 2089 450 2154; x_wconf 89' lang='lat' dir='ltr'><strong>actibus</strong></span> <span class='ocrx_word' id='word_1_151' title='bbox 475 2111 510 2153; x_wconf 91' lang='lat' dir='ltr'><strong>se</strong></span> <span class='ocrx_word' id='word_1_152' title='bbox 529 2109 677 2154; x_wconf 83' lang='lat' dir='ltr'><strong>exercere</strong></span> <span class='ocrx_word' id='word_1_153' title='bbox 697 2088 816 2172; x_wconf 89' lang='lat' dir='ltr'><strong>coepit,</strong></span> <span class='ocrx_word' id='word_1_154' title='bbox 841 2088 926 2172; x_wconf 90' lang='lat' dir='ltr'><strong>quod</strong></span> <span class='ocrx_word' id='word_1_155' title='bbox 948 2087 1082 2173; x_wconf 90' lang='lat' dir='ltr'><strong>tandem</strong></span> <span class='ocrx_word' id='word_1_156' title='bbox 1105 2087 1229 2152; x_wconf 74' lang='lat' dir='ltr'><strong>intera</strong></span> 
     </span>
     <span class='ocr_line' id='line_1_22' title="bbox 174 2175 1193 2261; baseline -0.002 -19"><span class='ocrx_word' id='word_1_157' title='bbox 174 2199 286 2242; x_wconf 89' lang='lat' dir='ltr'><strong>omnes</strong></span> <span class='ocrx_word' id='word_1_158' title='bbox 315 2177 437 2242; x_wconf 84' lang='lat' dir='ltr'><strong>milites</strong></span> <span class='ocrx_word' id='word_1_159' title='bbox 467 2181 499 2242; x_wconf 90' lang='lat' dir='ltr'><strong>et</strong></span> <span class='ocrx_word' id='word_1_160' title='bbox 526 2178 667 2261; x_wconf 90' lang='lat' dir='ltr'><strong>nobiles,</strong></span> <span class='ocrx_word' id='word_1_161' title='bbox 695 2198 833 2261; x_wconf 90' lang='lat' dir='ltr'><strong>quorum</strong></span> <span class='ocrx_word' id='word_1_162' title='bbox 860 2180 938 2242; x_wconf 91' lang='lat' dir='ltr'><strong>tunc</strong></span> <span class='ocrx_word' id='word_1_163' title='bbox 967 2175 1124 2260; x_wconf 87' lang='lat' dir='ltr'><strong>temporis</strong></span> <span class='ocrx_word' id='word_1_164' title='bbox 1158 2176 1193 2240; x_wconf 90' lang='lat' dir='ltr'><strong>in</strong></span> 
     </span>
     <span class='ocr_line' id='line_1_23' title="bbox 173 2263 1192 2348; baseline 0 -19"><span class='ocrx_word' id='word_1_165' title='bbox 173 2264 280 2330; x_wconf 87' lang='lat' dir='ltr'><strong>Roma</strong></span> <span class='ocrx_word' id='word_1_166' title='bbox 314 2270 383 2331; x_wconf 89' lang='lat' dir='ltr'><strong>erat</strong></span> <span class='ocrx_word' id='word_1_167' title='bbox 416 2270 448 2331; x_wconf 91' lang='lat' dir='ltr'><strong>et</strong></span> <span class='ocrx_word' id='word_1_168' title='bbox 486 2265 619 2331; x_wconf 82' lang='lat' dir='ltr'><strong>cottidie</strong></span> <span class='ocrx_word' id='word_1_169' title='bbox 652 2265 690 2329; x_wconf 92' lang='lat' dir='ltr'><strong>de</strong></span> <span class='ocrx_word' id='word_1_170' title='bbox 719 2264 868 2330; x_wconf 91' lang='lat' dir='ltr'><strong>omnibus</strong></span> <span class='ocrx_word' id='word_1_171' title='bbox 899 2265 1011 2330; x_wconf 87' lang='lat' dir='ltr'><strong>mundi</strong></span> <span class='ocrx_word' id='word_1_172' title='bbox 1042 2263 1192 2348; x_wconf 88' lang='lat' dir='ltr'><strong>partibus</strong></span> 
     </span>
     <span class='ocr_line' id='line_1_24' title="bbox 174 2352 1193 2439; baseline 0.001 -21"><span class='ocrx_word' id='word_1_173' title='bbox 174 2353 295 2418; x_wconf 89' lang='lat' dir='ltr'><strong>ibidem</strong></span> <span class='ocrx_word' id='word_1_174' title='bbox 324 2354 508 2419; x_wconf 88' lang='lat' dir='ltr'><strong>confluebat</strong></span> <span class='ocrx_word' id='word_1_175' title='bbox 534 2352 782 2419; x_wconf 88' lang='lat' dir='ltr'><strong>innumerabilis</strong></span> <span class='ocrx_word' id='word_1_176' title='bbox 810 2353 917 2438; x_wconf 86' lang='lat' dir='ltr'><strong>copia,</strong></span> <span class='ocrx_word' id='word_1_177' title='bbox 945 2353 1001 2439; x_wconf 90' lang='lat' dir='ltr'><strong>qui</strong></span> <span class='ocrx_word' id='word_1_178' title='bbox 1024 2375 1058 2418; x_wconf 92' lang='lat' dir='ltr'><strong>se</strong></span> <span class='ocrx_word' id='word_1_179' title='bbox 1080 2353 1193 2419; x_wconf 91' lang='lat' dir='ltr'><strong>huius-</strong></span> 
     </span>
     <span class='ocr_line' id='line_1_25' title="bbox 174 2441 1193 2526; baseline 0.004 -22"><span class='ocrx_word' id='word_1_180' title='bbox 174 2441 263 2506; x_wconf 88' lang='lat' dir='ltr'><strong>modi</strong></span> <span class='ocrx_word' id='word_1_181' title='bbox 287 2441 416 2506; x_wconf 88' lang='lat' dir='ltr'><strong>solaeiis</strong></span> <span class='ocrx_word' id='word_1_182' title='bbox 435 2441 587 2506; x_wconf 88' lang='lat' dir='ltr'><strong>continue</strong></span> <span class='ocrx_word' id='word_1_183' title='bbox 606 2441 809 2526; x_wconf 85' lang='lat' dir='ltr'><strong>exercebant,</strong></span> <span class='ocrx_word' id='word_1_184' title='bbox 831 2445 958 2508; x_wconf 89' lang='lat' dir='ltr'><strong>tantam</strong></span> <span class='ocrx_word' id='word_1_185' title='bbox 976 2442 1099 2508; x_wconf 85' lang='lat' dir='ltr'><strong>famam</strong></span> <span class='ocrx_word' id='word_1_186' title='bbox 1119 2463 1193 2508; x_wconf 88' lang='lat' dir='ltr'><strong>con·</strong></span> 
     </span>
     <span class='ocr_line' id='line_1_26' title="bbox 174 2527 1229 2612; baseline 0.002 -20"><span class='ocrx_word' id='word_1_187' title='bbox 174 2529 291 2612; x_wconf 87' lang='lat' dir='ltr'><strong>traxit,</strong></span> <span class='ocrx_word' id='word_1_188' title='bbox 315 2530 401 2612; x_wconf 90' lang='lat' dir='ltr'><strong>quod</strong></span> <span class='ocrx_word' id='word_1_189' title='bbox 423 2529 532 2594; x_wconf 90' lang='lat' dir='ltr'><strong>nullus</strong></span> <span class='ocrx_word' id='word_1_190' title='bbox 556 2529 590 2594; x_wconf 93' lang='lat' dir='ltr'><strong>in</strong></span> <span class='ocrx_word' id='word_1_191' title='bbox 612 2530 693 2595; x_wconf 91' lang='lat' dir='ltr'><strong>urbe</strong></span> <span class='ocrx_word' id='word_1_192' title='bbox 712 2529 819 2598; x_wconf 85' lang='lat' dir='ltr'><strong>Roma</strong></span> <span class='ocrx_word' id='word_1_193' title='bbox 837 2527 1052 2596; x_wconf 78' lang='lat' dir='ltr'><strong>Constantino</strong></span> <span class='ocrx_word' id='word_1_194' title='bbox 1076 2531 1192 2597; x_wconf 90' lang='lat' dir='ltr'><strong>melior</strong></span> <span class='ocrx_word' id='word_1_195' title='bbox 1205 2544 1229 2587; x_wconf 76' lang='lat'><strong>2⁵</strong></span> 
     </span>
     <span class='ocr_line' id='line_1_27' title="bbox 176 2615 742 2688; baseline 0.004 -8"><span class='ocrx_word' id='word_1_196' title='bbox 176 2615 367 2682; x_wconf 85' lang='lat' dir='ltr'><strong>credebatur</strong></span> <span class='ocrx_word' id='word_1_197' title='bbox 390 2617 425 2682; x_wconf 92' lang='lat' dir='ltr'><strong>in</strong></span> <span class='ocrx_word' id='word_1_198' title='bbox 447 2617 569 2688; x_wconf 89' lang='lat' dir='ltr'><strong>talibus</strong></span> <span class='ocrx_word' id='word_1_199' title='bbox 593 2618 742 2684; x_wconf 86' lang='lat' dir='ltr'><strong>inveniri.</strong></span> 
     </span>
    </p>
   </div>
   <div class='ocr_carea' id='block_1_3' title="bbox 122 2701 1232 3126">
    <p class='ocr_par' dir='ltr' id='par_1_4' title="bbox 122 2701 1232 3126">
     <span class='ocr_line' id='line_1_28' title="bbox 122 2701 1194 2790; baseline 0.006 -24"><span class='ocrx_word' id='word_1_200' title='bbox 122 2701 165 2766; x_wconf 83' lang='lat'><strong>33</strong></span> <span class='ocrx_word' id='word_1_201' title='bbox 265 2703 410 2772; x_wconf 81' lang='lat' dir='ltr'><strong>Tandem</strong></span> <span class='ocrx_word' id='word_1_202' title='bbox 443 2703 654 2772; x_wconf 80' lang='lat' dir='ltr'><strong>Constantius</strong></span> <span class='ocrx_word' id='word_1_203' title='bbox 691 2707 870 2790; x_wconf 88' lang='lat' dir='ltr'><strong>imperator</strong></span> <span class='ocrx_word' id='word_1_204' title='bbox 900 2705 1067 2772; x_wconf 88' lang='lat' dir='ltr'><strong>Romanus</strong></span> <span class='ocrx_word' id='word_1_205' title='bbox 1105 2705 1194 2772; x_wconf 91' lang='lat' dir='ltr'><strong>diem</strong></span> 
     </span>
     <span class='ocr_line' id='line_1_29' title="bbox 174 2793 1193 2880; baseline 0 -19"><span class='ocrx_word' id='word_1_206' title='bbox 174 2793 293 2861; x_wconf 88' lang='lat' dir='ltr'><strong>natalis</strong></span> <span class='ocrx_word' id='word_1_207' title='bbox 319 2794 369 2858; x_wconf 88' lang='lat' dir='ltr'><strong>sui</strong></span> <span class='ocrx_word' id='word_1_208' title='bbox 393 2816 432 2859; x_wconf 84' lang='lat' dir='ltr'><strong>ex</strong></span> <span class='ocrx_word' id='word_1_209' title='bbox 454 2817 544 2860; x_wconf 91' lang='lat' dir='ltr'><strong>more</strong></span> <span class='ocrx_word' id='word_1_210' title='bbox 569 2816 666 2880; x_wconf 84' lang='lat' dir='ltr'><strong>agere</strong></span> <span class='ocrx_word' id='word_1_211' title='bbox 684 2795 798 2860; x_wconf 85' lang='lat' dir='ltr'><strong>volens</strong></span> <span class='ocrx_word' id='word_1_212' title='bbox 817 2795 947 2860; x_wconf 79' lang='lat' dir='ltr'><strong>vocavit</strong></span> <span class='ocrx_word' id='word_1_213' title='bbox 970 2817 1081 2862; x_wconf 88' lang='lat' dir='ltr'><strong>omnes</strong></span> <span class='ocrx_word' id='word_1_214' title='bbox 1102 2817 1193 2861; x_wconf 89' lang='lat' dir='ltr'><strong>sena-</strong></span> 
     </span>
     <span class='ocr_line' id='line_1_30' title="bbox 174 2882 1193 2967; baseline 0.005 -21"><span class='ocrx_word' id='word_1_215' title='bbox 174 2887 277 2967; x_wconf 88' lang='lat' dir='ltr'><strong>tores,</strong></span> <span class='ocrx_word' id='word_1_216' title='bbox 303 2884 466 2966; x_wconf 90' lang='lat' dir='ltr'><strong>tribunos,</strong></span> <span class='ocrx_word' id='word_1_217' title='bbox 493 2885 696 2950; x_wconf 89' lang='lat' dir='ltr'><strong>centuriones</strong></span> <span class='ocrx_word' id='word_1_218' title='bbox 725 2886 757 2947; x_wconf 92' lang='lat' dir='ltr'><strong>et</strong></span> <span class='ocrx_word' id='word_1_219' title='bbox 785 2882 905 2948; x_wconf 88' lang='lat' dir='ltr'><strong>milites</strong></span> <span class='ocrx_word' id='word_1_220' title='bbox 929 2886 962 2947; x_wconf 88' lang='lat' dir='ltr'><strong>et</strong></span> <span class='ocrx_word' id='word_1_221' title='bbox 991 2883 1042 2948; x_wconf 93' lang='lat' dir='ltr'><strong>die</strong></span> <span class='ocrx_word' id='word_1_222' title='bbox 1066 2887 1193 2950; x_wconf 87' lang='lat' dir='ltr'><strong>statuta</strong></span> 
     </span>
     <span class='ocr_line' id='line_1_31' title="bbox 175 2970 1232 3057; baseline 0.003 -22"><span class='ocrx_word' id='word_1_223' title='bbox 175 2970 347 3035; x_wconf 88' lang='lat' dir='ltr'><strong>sollemnia</strong></span> <span class='ocrx_word' id='word_1_224' title='bbox 363 2971 484 3036; x_wconf 87' lang='lat' dir='ltr'><strong>natalis</strong></span> <span class='ocrx_word' id='word_1_225' title='bbox 502 2973 554 3038; x_wconf 91' lang='lat' dir='ltr'><strong>sui</strong></span> <span class='ocrx_word' id='word_1_226' title='bbox 572 2975 609 3037; x_wconf 90' lang='lat' dir='ltr'><strong>ut</strong></span> <span class='ocrx_word' id='word_1_227' title='bbox 628 2975 837 3037; x_wconf 84' lang='lat' dir='ltr'><strong>consueverat</strong></span> <span class='ocrx_word' id='word_1_228' title='bbox 853 2972 1038 3037; x_wconf 86' lang='lat' dir='ltr'><strong>celebravit.</strong></span> <span class='ocrx_word' id='word_1_229' title='bbox 1068 2971 1108 3037; x_wconf 92' lang='lat' dir='ltr'><strong>In</strong></span> <span class='ocrx_word' id='word_1_230' title='bbox 1123 2973 1192 3057; x_wconf 91' lang='lat' dir='ltr'><strong>qui·</strong></span> <span class='ocrx_word' id='word_1_231' title='bbox 1207 2987 1232 3028; x_wconf 77' lang='lat'><strong>³⁰</strong></span> 
     </span>
     <span class='ocr_line' id='line_1_32' title="bbox 174 3057 1193 3126; baseline 0.006 -6"><span class='ocrx_word' id='word_1_232' title='bbox 174 3057 236 3121; x_wconf 92' lang='lat' dir='ltr'><strong>bus</strong></span> <span class='ocrx_word' id='word_1_233' title='bbox 272 3059 357 3123; x_wconf 89' lang='lat' dir='ltr'><strong>inter</strong></span> <span class='ocrx_word' id='word_1_234' title='bbox 395 3064 502 3126; x_wconf 87' lang='lat' dir='ltr'><strong>cetera</strong></span> <span class='ocrx_word' id='word_1_235' title='bbox 538 3060 789 3126; x_wconf 87' lang='lat' dir='ltr'><strong>hastiludiorum</strong></span> <span class='ocrx_word' id='word_1_236' title='bbox 826 3064 858 3124; x_wconf 91' lang='lat' dir='ltr'><strong>et</strong></span> <span class='ocrx_word' id='word_1_237' title='bbox 895 3063 1193 3126; x_wconf 85' lang='lat' dir='ltr'><strong>torneamentorum</strong></span> 
     </span>
    </p>
   </div>
   <div class='ocr_carea' id='block_1_4' title="bbox 176 3256 1192 3426">
    <p class='ocr_par' dir='ltr' id='par_1_5' title="bbox 176 3256 1192 3426">
     <span class='ocr_line' id='line_1_33' title="bbox 249 3256 1192 3365; baseline 0.005 -28"><span class='ocrx_word' id='word_1_238' title='bbox 249 3281 345 3364; x_wconf 41' lang='lat' dir='ltr'><strong>1·Hiis</strong></span> <span class='ocrx_word' id='word_1_239' title='bbox 364 3286 440 3365; x_wconf 68' lang='lat' dir='ltr'><strong>codd.</strong></span> <span class='ocrx_word' id='word_1_240' title='bbox 549 3293 565 3340; x_wconf 86' lang='lat'><strong>3</strong></span> <span class='ocrx_word' id='word_1_241' title='bbox 584 3256 826 3354; x_wconf 58' lang='lat' dir='ltr'><strong>magna&#39;pecunia</strong></span> <span class='ocrx_word' id='word_1_242' title='bbox 845 3285 1005 3354; x_wconf 87' lang='lat' dir='ltr'><strong>quantitate</strong></span> <span class='ocrx_word' id='word_1_243' title='bbox 1023 3287 1065 3354; x_wconf 88' lang='lat' dir='ltr'><strong>D,</strong></span> <span class='ocrx_word' id='word_1_244' title='bbox 1088 3303 1192 3358; x_wconf 79' lang='lat' dir='ltr'><strong>magno</strong></span> 
     </span>
     <span class='ocr_line' id='line_1_34' title="bbox 176 3356 1192 3426; baseline 0.006 -18"><span class='ocrx_word' id='word_1_245' title='bbox 176 3370 298 3426; x_wconf 84' lang='lat' dir='ltr'><strong>peomne</strong></span> <span class='ocrx_word' id='word_1_246' title='bbox 316 3356 475 3424; x_wconf 80' lang='lat' dir='ltr'><strong>quantitate</strong></span> <span class='ocrx_word' id='word_1_247' title='bbox 495 3356 531 3411; x_wconf 83' lang='lat' dir='ltr'><strong>F.</strong></span> <span class='ocrx_word' id='word_1_248' title='bbox 605 3361 695 3424; x_wconf 78' lang='lat' dir='ltr'><strong>tqua</strong></span> <span class='ocrx_word' id='word_1_249' title='bbox 713 3357 750 3410; x_wconf 91' lang='lat' dir='ltr'><strong>D.</strong></span> <span class='ocrx_word' id='word_1_250' title='bbox 825 3363 857 3411; x_wconf 81' lang='lat'><strong>12</strong></span> <span class='ocrx_word' id='word_1_251' title='bbox 875 3357 994 3412; x_wconf 91' lang='lat' dir='ltr'><strong>cottidie</strong></span> <span class='ocrx_word' id='word_1_252' title='bbox 1008 3358 1085 3413; x_wconf 83' lang='lat' dir='ltr'><strong>codd.</strong></span> <span class='ocrx_word' id='word_1_253' title='bbox 1160 3365 1192 3414; x_wconf 73' lang='lat'><strong>1⁷</strong></span> 
     </span>
    </p>
   </div>
   <div class='ocr_carea' id='block_1_5' title="bbox 175 3429 1194 3587">
    <p class='ocr_par' dir='ltr' id='par_1_6' title="bbox 175 3429 1194 3587">
     <span class='ocr_line' id='line_1_35' title="bbox 178 3429 1194 3528; baseline 0.004 -31"><span class='ocrx_word' id='word_1_254' title='bbox 178 3429 284 3525; x_wconf 61' lang='lat' dir='ltr'><strong>segur}</strong></span> <span class='ocrx_word' id='word_1_255' title='bbox 300 3443 340 3524; x_wconf 64' lang='lat' dir='ltr'><strong>F,</strong></span> <span class='ocrx_word' id='word_1_256' title='bbox 418 3451 450 3500; x_wconf 84' lang='lat'><strong>18</strong></span> <span class='ocrx_word' id='word_1_257' title='bbox 470 3460 500 3528; x_wconf 78' lang='lat' dir='ltr'><strong>se</strong></span> <span class='ocrx_word' id='word_1_258' title='bbox 518 3461 568 3501; x_wconf 75' lang='lat' dir='ltr'><strong>cen.</strong></span> <span class='ocrx_word' id='word_1_259' title='bbox 587 3444 625 3498; x_wconf 87' lang='lat' dir='ltr'><strong>D.</strong></span> <span class='ocrx_word' id='word_1_260' title='bbox 712 3450 746 3500; x_wconf 75' lang='lat'><strong>22</strong></span> <span class='ocrx_word' id='word_1_261' title='bbox 766 3443 884 3500; x_wconf 89' lang='lat' dir='ltr'><strong>cottidie</strong></span> <span class='ocrx_word' id='word_1_262' title='bbox 903 3447 978 3502; x_wconf 77' lang='lat' dir='ltr'><strong>codd.</strong></span> <span class='ocrx_word' id='word_1_263' title='bbox 1065 3452 1099 3528; x_wconf 52' lang='lat'><strong>25</strong></span> <span class='ocrx_word' id='word_1_264' title='bbox 1119 3445 1194 3502; x_wconf 88' lang='lat' dir='ltr'><strong>diem</strong></span> 
     </span>
     <span class='ocr_line' id='line_1_36' title="bbox 175 3513 1191 3587; baseline 0.008 -21"><span class='ocrx_word' id='word_1_265' title='bbox 175 3513 279 3567; x_wconf 76' lang='lat' dir='ltr'><strong>natalis</strong></span> <span class='ocrx_word' id='word_1_266' title='bbox 298 3531 342 3567; x_wconf 81' lang='lat' dir='ltr'><strong>sur</strong></span> <span class='ocrx_word' id='word_1_267' title='bbox 361 3515 437 3570; x_wconf 79' lang='lat' dir='ltr'><strong>codd.</strong></span> <span class='ocrx_word' id='word_1_268' title='bbox 453 3516 534 3585; x_wconf 72' lang='lat' dir='ltr'><strong>(dum</strong></span> <span class='ocrx_word' id='word_1_269' title='bbox 546 3517 666 3572; x_wconf 78' lang='lat' dir='ltr'><strong>natalem</strong></span> <span class='ocrx_word' id='word_1_270' title='bbox 679 3515 811 3586; x_wconf 58' lang='lat' dir='ltr'><strong>aarum)</strong></span> <span class='ocrx_word' id='word_1_271' title='bbox 884 3523 919 3572; x_wconf 80' lang='lat'><strong>30</strong></span> <span class='ocrx_word' id='word_1_272' title='bbox 933 3515 1103 3587; x_wconf 79' lang='lat' dir='ltr'><strong>sollempnia</strong></span> <span class='ocrx_word' id='word_1_273' title='bbox 1115 3517 1191 3574; x_wconf 78' lang='lat' dir='ltr'><strong>codd.</strong></span> 
     </span>
    </p>
   </div>
   <div class='ocr_carea' id='block_1_6' title="bbox 0 0 1291 4048">
    <p class='ocr_par' dir='ltr' id='par_1_7' title="bbox 0 0 1291 4048">
     <span class='ocr_line' id='line_1_37' title="bbox 0 0 1291 4048; baseline 0 0"><span class='ocrx_word' id='word_1_274' title='bbox 0 0 1291 4048; x_wconf 95' lang='lat' dir='ltr'><strong> </strong></span> 
     </span>
    </p>
   </div>
  </div>
 </body>
</html>
