2546 4036
602 227 818 292 ..12-

202 369 293 434 moni
310 389 419 434 unam.
455 367 608 452 Epistula
626 369 735 434 autem
758 387 840 452 quae
857 366 961 433 fertur
979 368 1021 432 ad
1038 365 1224 454 Hebraeos,

202 477 271 522 non
293 457 362 522 eius
386 457 527 523 creditur
549 459 683 541 propter
705 455 773 522 stili
796 455 1019 541 sermonisque
1049 456 1225 524 dissonan-

201 545 293 630 tiam,
315 545 372 612 sed
393 546 445 610 vel
462 544 634 611 Barnabae
654 545 747 630 juxta
769 543 1016 629 Tertullianum,
1037 546 1090 610 vel
1113 543 1223 612 Lucae

203 634 422 721 evangelistae
454 633 546 698 iuxta
568 632 739 718 quosdam,
761 634 814 698 vel
842 630 1036 718 Clementis,
1064 655 1225 700 romanae

150 737 167 786 5
204 727 319 808 postea
342 723 496 788 ecclesiae
514 723 669 807 episcopi,
692 743 789 808 quem
812 721 903 787 aiunt
927 723 1107 788 sententias
1127 721 1224 788 Pauli

204 811 337 896 proprio
361 811 528 877 ordinasse
555 814 589 876 et
611 831 744 876 ornasse
767 831 914 876 sermone
941 811 993 875 vel
1015 815 1117 891 certe,
1145 813 1225 898 quia

205 897 326 966 Paulus
359 901 521 966 scribebat
557 899 598 965 ad
629 899 797 965 Hebraeos
833 903 866 964 et
897 903 1029 984 propter
1064 900 1224 966 invidiam

206 989 256 1054 sui
280 988 368 1072 apud
387 1011 443 1054 eos
465 988 608 1054 nominis
626 988 757 1054 titulum
779 988 814 1052 in
836 987 995 1072 principio
1014 989 1224 1056 salutationis

205 1080 433 1160 amputaverat
451 1113 493 1124 -
513 1077 688 1162 scripserat
706 1082 815 1142 autem
832 1079 870 1141 ut
886 1076 1044 1142 hebraeus
1062 1077 1224 1162 hebraice,

152 1181 186 1230 10
205 1165 240 1229 id
262 1167 321 1249 est,
345 1186 404 1230 sno
428 1165 556 1252 eloquio
579 1165 849 1231 disertissime-
871 1186 909 1230 ea
932 1185 1014 1250 quae
1033 1166 1224 1253 eloquenter

206 1254 328 1338 scripta
361 1257 438 1318 sunt
469 1254 505 1320 in
537 1254 692 1339 hebraeo,
724 1258 758 1320 et
789 1254 991 1338 eloquentius
1023 1255 1161 1320 vertisse
1187 1255 1223 1319 in

205 1362 356 1428 graecum
384 1346 419 1407 et
445 1342 532 1408 hanc
557 1363 628 1408 esse
655 1364 800 1428 causam,
828 1341 914 1427 quod
941 1364 961 1407 a
988 1344 1105 1408 ceteris
1127 1343 1222 1408 Pauli

207 1431 355 1515 epistulis
379 1431 561 1517 discrepare
583 1431 739 1498 videatur.

292 1519 422 1604 Legunt
445 1520 576 1608 quidam
598 1519 825 1604 Laodicenses,
848 1519 904 1585 sed
928 1519 970 1584 ab
994 1520 1146 1586 omnibus
1171 1542 1222 1584 ex-

150 1621 183 1670 15
201 1607 353 1691 ploditur.

625 1701 707 1792 Cup.
735 1699 796 1774 VI.

296 1835 466 1905 Barnabas
494 1836 645 1924 Cyprius,
673 1839 729 1922 qui
761 1841 795 1904 et
821 1837 946 1923 doseph
973 1837 1116 1920 Levites,
1148 1859 1220 1903 cum
1258 1923 1259 1926 Ἴ

205 1926 311 1992 Paulo
334 1928 480 2013 gentium
503 1929 671 2012 apostolus
695 1927 863 1993 ordinatus
886 1948 985 1992 unam
1009 1927 1049 1992 ad
1073 1925 1220 1992 aedifica·
1258 1929 1259 1993 l

205 2015 328 2080 tionem
343 2017 496 2082 ecclesiae
509 2016 727 2101 pertinentem
741 2015 914 2100 epistulam
929 2015 1125 2101 composuit,
1139 2037 1220 2100 quae
1257 2061 1258 2107 ,

151 2117 187 2166 20
205 2104 290 2169 inter
305 2105 507 2190 apocryphas
522 2105 701 2189 scripturas
720 2105 849 2191 legitur.
879 2103 943 2170 Hic
961 2110 1075 2190 postea
1088 2108 1220 2189 propter
1256 2165 1257 2176 ,

203 2191 386 2258 Iohannem
409 2193 617 2279 discipulum,
648 2194 703 2278 qui
726 2197 759 2260 et
776 2192 906 2258 Marcus
924 2193 1111 2277 vocabatur,
1130 2213 1219 2278 sepa·
1256 2177 1257 2223 l

202 2285 294 2348 ratus
318 2305 338 2347 a
360 2281 464 2346 Paulo
487 2281 590 2346 nihilo
613 2283 720 2348 minus
744 2281 947 2368 evangelicae
970 2281 1218 2367 praedicationis
1255 2281 1256 2337 l

202 2371 383 2456 iniunctum
408 2370 472 2436 sibi
494 2392 575 2454 opus
600 2372 751 2438 exercuit

615 2551 697 2644 Cup.
725 2551 809 2625 VII.

149 2705 183 2756 25
292 2688 410 2772 Lucas,
433 2689 575 2754 medicus
597 2688 844 2774 Antiochensis,
870 2691 908 2754 ut
934 2689 1002 2754 eius
1027 2689 1149 2773 scripta
1171 2689 1215 2753 in·
1251 2713 1252 2796 p

196 2778 329 2864 dicant,
348 2777 455 2864 grami
474 2778 634 2844 sermonis
652 2799 720 2843 non
738 2778 871 2863 ignarus
891 2777 962 2862 luit,
980 2779 1123 2842 sectator
1141 2799 1214 2861 apo·
1250 2823 1251 2830 ,

202 2867 279 2932 stoli
292 2865 386 2932 Pauli
400 2870 434 2931 et
448 2867 554 2932 omnis
569 2865 640 2932 eius
652 2865 927 2952 peregrinationis
948 2887 1066 2950 comes,
1086 2866 1215 2952 scripsit
1250 2831 1251 2909 l

200 2956 421 3040 evangelium,
448 2955 487 3020 de
516 2977 579 3041 quo
613 2955 700 3021 idem
729 2953 863 3021 Paulus:
893 2954 1056 3020 ‘misimus
1062 3004 1072 3038 ,
1100 2954 1215 3039 inquit,
1249 2939 1250 3026 l

200 3064 275 3108 cum
297 3043 356 3108 illo
378 3043 526 3128 fratrem,
549 3044 641 3110 ouius
664 3045 736 3110 laus
763 3045 799 3109 in
822 3043 990 3130 evangelio
1017 3064 1077 3127 per
1106 3063 1214 3108 omnes

271 3198 385 3254 2Vat=
409 3197 583 3256 dissonantia
664 3207 680 3256 6
699 3201 754 3256 hoc
776 3201 839 3257 loco
858 3200 909 3256 alii
930 3199 1014 3256 aliter
1037 3199 1166 3255 scribunt
1183 3198 1214 3254 cf.

198 3267 295 3339 Migne
367 3275 400 3323 11
419 3267 517 3325 Bamb.
537 3273 567 3326 et
583 3269 724 3327 Norimb.=
741 3272 854 3328 fuerant
923 3277 949 3328 ct
967 3271 1047 3326 deest
1063 3271 1095 3326 in
1114 3271 1151 3326 al.

201 3345 235 3394 14
257 3339 397 3396 Norimb.:
420 3341 450 3396 et
472 3341 509 3396 ad
530 3341 730 3410 Laodicenses;
755 3342 867 3398 Bamb.:
894 3341 1045 3414 epistolam
1074 3343 1105 3397 et
1131 3341 1168 3396 ad
1185 3340 1213 3394 L.

199 3417 235 3534 tp
246 3411 327 3534 1gat:
345 3411 420 3537 pntep
434 3412 609 3484 apocrypha.
683 3418 718 3468 28
733 3413 767 3475 cl.
782 3421 798 3469 2
814 3413 876 3470 Gor.
896 3421 921 3483 8,
942 3421 975 3470 18
1070 3419 1106 3468 29
1120 3412 1213 3467 Bamb.

200 3496 216 3535 e
275 3481 347 3536 orim
367 3503 387 3538 .:
417 3498 468 3537 aus
486 3486 530 3538 est
