2546 4036
482 290 704 356 ...45-

81 433 273 498 nomentum
292 430 427 496 sortitus
445 433 509 514 est,
524 428 728 498 Christianus
749 430 856 501 factus
871 452 1001 512 omnem
1025 433 1098 514 suh-

83 519 243 585 stantiam
267 541 360 584 suam
383 519 579 604 pauperibus
603 519 763 606 erogarit,
784 541 822 588 ac
839 541 907 586 non
921 524 1000 604 post
1017 521 1098 588 mul·

7 677 9 694 ‚
82 611 152 682 tum
180 607 341 692 temporie
365 608 503 674 allectus
520 609 564 676 in
586 609 825 694 presbyterium
854 609 953 690 etiam
977 609 1099 694 episco-

83 719 143 782 pus
166 693 451 782 Carthaginiensis
474 695 670 769 constitutur
694 702 753 777 esc„
780 768 783 776 ,
839 755 841 763 .
1041 773 1043 780 y

171 783 281 852 Huius
317 785 447 872 ingenii¹
482 785 680 870 superfluum
722 789 773 856 cst
808 786 947 866 indicem
982 789 1099 872 texere,
1136 801 1152 850 5

84 895 157 942 cum
182 875 252 940 sole
276 873 414 940 clariora
437 874 504 939 sint
527 875 596 940 eius
619 897 726 960 opera.

173 961 296 1030 Passus
320 967 371 1030 est
393 962 453 1028 sub
467 960 645 1030 Valeriano
669 966 702 1028 et
724 961 872 1028 Gallieno
895 963 1098 1048 principibus

83 1051 310 1136 persecutione
333 1054 453 1121 octava
471 1073 509 1116 eo
533 1050 584 1116 die
607 1073 671 1136 quo
693 1051 818 1118 Romae
841 1049 1021 1136 Cornelius,
1043 1051 1099 1118 scd

83 1161 152 1205 non
175 1139 289 1207 eodem
313 1161 407 1208 anno.

446 1337 528 1430 cap.
556 1336 746 1410 LXVIII.
1120 1349 1152 1398 10

173 1475 326 1560 Pontius,
354 1474 511 1542 diaconus
534 1473 705 1561 Cypriani,
731 1497 834 1561 usque
857 1474 898 1540 ad
921 1474 1005 1540 diem
1028 1495 1100 1558 paa-

86 1565 189 1630 sionis
212 1565 281 1632 cius
305 1585 378 1630 oum
401 1565 473 1649 ipso
493 1564 641 1630 exsilium
668 1564 830 1630 sustinens
855 1564 1021 1649 egregium
1044 1585 1099 1628 vo·

84 1654 197 1719 lumen
220 1653 308 1720 uitae
332 1655 365 1718 et
387 1651 548 1736 passionis
573 1648 733 1738 Cypriani
755 1653 895 1738 reliquit.

465 1867 555 1960 cap
582 1867 727 1939 cxix.

175 2003 369 2089 Dionysius,
383 2003 620 2070 Alexandrinae
643 2003 813 2089 episcopus
835 2003 937 2087 urbis,
956 2003 1016 2068 sub
1034 1999 1099 2067 He·
1119 2019 1152 2068 15

85 2095 174 2160 racia
197 2093 344 2160 scholam
366 2093 472 2160 tenuit
495 2096 529 2158 et
542 2092 690 2178 Origenis
712 2093 765 2158 vel
782 2091 1022 2178 insignissimus
1046 2113 1102 2156 au-

86 2184 175 2250 ditor
196 2181 269 2248 fuit.
305 2180 368 2248 Hic
391 2183 426 2248 in
441 2179 594 2266 Cypriani
608 2186 641 2247 ct
657 2181 833 2247 Africanae
852 2180 965 2265 synodi
983 2178 1102 2264 dogma

81 2269 296 2342 ,consentiens
320 2270 358 2337 de
381 2271 533 2336 hereticis
556 2270 795 2356 rebaptizandis
818 2269 976 2353 plurimas
995 2267 1036 2332 ad
1055 2266 1100 2331 di-

86 2381 202 2426 versos
231 2359 321 2424 misit
349 2359 517 2442 epistulas,
545 2382 628 2445 quae
656 2380 757 2443 usque
779 2357 876 2423 hodie
899 2357 1041 2440 exeunt,
1069 2358 1103 2420 ct

89 2448 129 2513 ad
153 2447 309 2531 Fabium,
322 2447 548 2516 Antiochenae
571 2447 724 2513 ecclesiae
747 2447 944 2532 episcopum,
966 2443 1005 2509 de
1028 2465 1101 2529 pae—
1120 2461 1156 2512 ac

86 2537 246 2620 nitentia,
278 2536 320 2600 ad
346 2535 512 2602 Romanos
544 2557 602 2620 per
628 2535 847 2621 Hippolytum
879 2537 1027 2616 alteram,
1060 2532 1101 2598 ad

86 2625 247 2710 Xystum‚
269 2623 325 2708 qui
348 2621 513 2707 Stephano
538 2628 751 2708 successerat,
773 2624 853 2689 duas
876 2623 1041 2707 epistulas,
1068 2625 1102 2685 ct

88 2713 129 2779 ad
142 2712 370 2778 Philemonem
389 2717 423 2776 et
436 2711 640 2796 Dionysium,
658 2711 825 2778 Romanae
844 2711 996 2776 ecclesiae
1014 2729 1101 2793 pres·

86 2802 225 2886 byteros
249 2801 342 2886 duas,
361 2803 394 2866 et
412 2799 453 2866 ad
471 2801 608 2884 eundem
622 2801 832 2885 Dionysium,
849 2801 965 2883 postca
981 2796 1102 2862 Roma·

7 2957 8 2960 ,
85 2911 151 2955 nae
175 2888 330 2956 ecclcsiae
349 2889 550 2974 episcopum,
568 2891 601 2954 et
619 2888 659 2954 ad
673 2887 893 2954 Noratianum
911 2887 1099 2950 causantem
1120 2899 1154 2950 ab

87 2977 177 3063 quod
207 2977 328 3043 invitus
351 2977 473 3044 Romae
498 2977 668 3061 episcopus
691 2976 858 3042 ordinatus
881 2976 980 3058 essct,
1007 2973 1098 3040 cuius
1219 2997 1221 3000 ¹

86 3066 249 3151 epistulae
263 3065 325 3132 hoc
339 3065 504 3130 exordium
523 3070 587 3130 cst:
610 3064 795 3149 ‘Dionysius
809 3062 994 3130 Novatiano
1008 3062 1103 3129 fratri

160 3263 178 3314 2
197 3255 297 3311 Bamb.
316 3259 345 3312 et
362 3257 502 3314 Norimb.=
521 3273 555 3313 ac
572 3259 638 3328 post
654 3273 711 3313 non
802 3263 818 3312 3
836 3255 976 3312 Norimb.:
996 3254 1103 3309 electus

86 3328 117 3382 in
134 3327 334 3398 presbyterum
404 3333 421 3382 8
439 3327 514 3397 Vah,
527 3328 619 3396 Bora,
632 3327 731 3384 Bamb.
746 3326 925 3384 elucemus
946 3325 1014 3390 ‘eo',
1032 3339 1102 3378 non:

88 3397 227 3466 ‘eodem’,
247 3397 323 3466 quod
341 3399 518 3468 exspectetur
604 3405 637 3455 16
656 3397 754 3454 Bamb.
773 3401 803 3452 et
816 3395 959 3452 Norimb.=
978 3393 1104 3448 scholam

86 3463 274 3538 resurciatur
292 3469 438 3540 presbyter
515 3469 643 3525 ravat:
662 3467 837 3539 baptizandis
909 3471 944 3519 22
962 3463 1040 3519 Vae:
1060 3461 1101 3518 Si-

87 3542 178 3608 stum;
197 3539 311 3594 Bamb.:
331 3539 461 3610 Syxtum3
480 3540 621 3596 Norimb.r
640 3539 750 3594 Sixtnm
