2546 4036
550 249 789 314 1-18-

170 390 318 456 tissimae
346 390 433 455 vitree
459 388 535 473 fuit,
567 409 662 473 quem
693 409 761 455 non
788 349 942 473 ponerem
970 389 1005 453 in
1035 390 1193 476 catalogo

171 482 372 562 sanctorum,
398 479 463 543 nisi
489 499 541 543 me
563 478 639 544 ullae
666 478 824 562 epistulae
845 481 1075 562 provocarent,
1106 501 1193 564 quae

170 568 332 654 leguntur
346 589 367 632 ι
384 567 532 651 plurimis
550 565 646 632 Pauli
668 567 709 632 ad
724 565 889 632 Senecam·
899 570 965 630 ιιι
983 565 1126 632 Senecae
1150 566 1191 632 ad

169 653 318 722 Paulum.
363 655 404 720 In
432 655 563 741 quibus,
593 675 666 721 cunr
693 659 780 720 esset
801 651 941 720 Neronis
969 655 1130 740 magister
1158 659 1193 720 et

133 738 257 810 ιιιιιιο
279 744 435 828 temporis
458 745 713 845 potentissimus,
736 747 849 828 optare
868 763 903 808 se
922 743 1002 808 dicit
987 745 1094 809 teins
1119 763 1192 810 esse

171 833 235 898 loci
267 833 352 918 apud
384 851 474 916 suos,
506 831 597 898 euius
630 833 673 898 sit
701 830 822 897 Paulus
854 831 941 916 apud
973 829 1191 898 Christianos.

170 920 234 986 Hic
261 925 337 986 ante
304 883 528 987 tbiennium
556 943 654 1008 quam
676 919 737 986 Pet
722 925 792 986 trus
819 924 853 985 et
838 919 996 986 tPaulus
1028 921 1191 1010 martyrio

171 1013 417 1094 coronarentur,
439 1031 459 1074 a
481 1008 614 1076 Nerone
636 1009 839 1075 interfectus
850 1012 908 1074 est

570 1191 652 1282 Cep.
675 1189 790 1261 XIII.

117 1332 152 1382 10
258 1327 427 1413 Iosephus,
440 1327 599 1394 Matthiae
612 1328 710 1411 filius,
728 1349 768 1392 ex
779 1326 1019 1412 Hierosolymis
1036 1328 1190 1396 sacerdos
1210 1326 1215 1334 '

171 1438 191 1482 a
214 1416 418 1502 Vespasiano
442 1422 556 1501 captus
578 1439 652 1483 eum
675 1416 759 1501 Tito,
781 1416 848 1482 lilio
871 1417 949 1501 sius,
971 1416 1105 1484 relictus
1130 1423 1189 1482 est.

169 1505 233 1570 Hic
245 1505 385 1570 Romam
403 1506 538 1572 veniens
559 1509 684 1590 septem
701 1506 803 1572 libros
820 1505 965 1572 iudaicae
984 1505 1190 1590 captivitatis

169 1595 419 1678 imperatoribus
437 1594 524 1678 patri
542 1594 673 1679 filioque
693 1593 820 1677 obtulit,
842 1593 899 1678 qui
917 1597 950 1660 ct
967 1593 1188 1661 bibliothecae

169 1682 318 1766 publicae
340 1682 480 1747 baalitae
503 1686 587 1766 suut,
610 1687 643 1748 et
666 1682 708 1748 ob
731 1682 855 1768 ingenii
879 1682 1018 1768 gloriam
1043 1686 1188 1748 statuam

116 1784 150 1833 15
170 1792 297 1856 quoque
316 1769 440 1842 Romae
461 1771 587 1836 monuit
626 1769 766 1854 Scripsit
783 1774 892 1836 autem
916 1774 950 1836 et
967 1771 1050 1836 alios
1068 1772 1188 1858 viginti

169 1859 414 1944 Antiquitatum
426 1859 527 1926 libros
542 1860 584 1924 ab
598 1860 730 1925 exordio
740 1859 852 1926 mundi
866 1880 968 1970 usque
982 1860 1024 1924 ad
1033 1863 1187 1944 quartum

170 1948 330 2014 decimum
352 1948 534 2014 Domitiani
557 1943 707 2014 Caesaris
731 1951 764 2014 et
786 1947 867 2013 duos
889 1941 1110 2032 ἀρχαιότητος
1134 1949 1187 2012 ad·

168 2058 281 2102 versus
298 2037 483 2121 Appionem
497 2037 746 2122 grammaticum
764 2036 1030 2120 Alexandrinum,
1048 2038 1107 2122 qui
1126 2037 1187 2102 sub
1256 2093 1257 2108 ,

168 2122 318 2210 Caligula
349 2125 438 2210 legat
439 2147 477 2192 us
513 2127 631 2190 missus
668 2147 707 2190 ex
738 2127 831 2208 parte
862 2087 1034 2210 gentilium
1067 2130 1186 2190 contra

115 2227 150 2277 ao
168 2213 340 2280 Philonem
359 2215 457 2279 etiam
479 2213 666 2280 librum't
618 2237 651 2278 vr
652 2214 887 2297 tuperationem
906 2213 1014 2298 gentis
1037 2213 1187 2280 iudaicae

168 2303 388 2367 continentem
417 2302 599 2407 scripserat.
644 2302 739 2368 Alius
762 2323 888 2387 quoque
911 2301 994 2366 liber
1017 2303 1101 2384 eius,
1132 2303 1187 2388 qui
1255 2347 1256 2358 1

167 2390 356 2455 inscribitur
376 2388 452 2475 περὶ
475 2383 721 2476 αὐτοκράτορος
743 2391 918 2475 λογισμοῦ,
939 2389 1032 2455 valde
1052 2391 1185 2476 elegans

167 2477 356 2556 habetur,
346 2499 382 2542 ιι
405 2499 469 2565 quo
492 2482 525 2543 et
547 2477 837 2546 Macchabaeorum
860 2478 987 2565 digesta
1016 2481 1187 2580 martyria

166 2565 263 2632 Hic
253 2589 289 2632 m
317 2570 431 2632 octavo
453 2565 698 2652 Antiquitatum
725 2567 809 2634 libro
836 2565 1000 2632 manifest
975 2569 1085 2634 trsime
1110 2590 1186 2634 eon·
1254 2627 1255 2632 ,

113 2669 148 2720 as
166 2655 276 2720 fitetur
311 2659 446 2740 propter
479 2657 739 2741 magnitudinem
771 2657 937 2741 signorum
971 2654 1138 2721 Christum
1167 2680 1187 2720 a

166 2743 347 2828 pharisaeis
378 2745 583 2810 interfectum
615 2749 648 2810 et
677 2743 858 2810 Iohannem
897 2744 1076 2828 baptistam
1110 2767 1187 2810 vere

165 2833 360 2918 prophetam
395 2831 565 2898 fuisset
532 2837 565 2898 et
605 2837 703 2918 propt
704 2855 739 2898 er
777 2832 1033 2898 interfectionem
1071 2833 1187 2898 Iacobi

168 2922 308 3004 apostoli
336 2920 599 3006 Hierosolymam
632 2922 782 2987 ιιιιιιιιι
834 2919 971 3005 Scripsit
957 2924 1113 2986 tantem
1147 2923 1186 2986 de
1253 2957 1254 3008 p

166 3008 341 3074 Domino'
331 3031 373 3072 ιιι
389 3009 476 3075 huno
499 3011 643 3076 modum.
668 3009 834 3076 eodemt
836 3031 964 3093 empore
992 3009 1055 3073 fuit
1041 3008 1188 3094 atesis,
1253 3013 1254 3035 ¹

112 3110 149 3160 ao
168 3098 297 3200 sapiens
320 3097 379 3180 ιιι,
404 3098 433 3161 si
451 3100 610 3163 tamen
579 3121 684 3164 vnum
708 3121 782 3164 eum
801 3104 929 3183 oportet
883 3098 1061 3162 tetdicere.
1099 3097 1186 3163 Erat
1252 3175 1253 3178 Ἴ

167 3187 253 3251 enim
276 3147 476 3251 mirabilium
494 3189 642 3270 patrator
660 3208 793 3272 operum
812 3189 846 3252 et
864 3187 939 3251 doct
925 3190 976 3251 tor
995 3207 1108 3251 eorum
1131 3188 1186 3272 qui

238 3359 371 3416 3Bamb.
387 3361 417 3414 et
430 3359 570 3416 Norimb.·
589 3362 619 3415 et
691 3365 723 3415 ιι
738 3358 835 3415 Bamh.
855 3359 978 3416 etBern.
995 3361 1023 3414 et
1039 3360 1185 3418 Norimb.·
1251 3395 1252 3408 ι

166 3430 270 3500 viginti
293 3433 427 3502 quattuor
504 3438 538 3487 16
560 3431 610 3486 al..
634 3449 723 3515 usque
745 3431 840 3487 adn
805 3449 840 3484 an
841 3449 907 3485 num
985 3437 1018 3484 23
1042 3431 1094 3485 al:
1120 3437 1186 3486 suut

167 3501 246 3572 (liges
234 3503 279 3555 sta
350 3507 385 3557 24
403 3501 513 3558 Bamb:
533 3504 633 3558 octavo
652 3501 773 3570 dseim03
792 3501 850 3556 Nor
851 3502 932 3558 imb:
953 3500 1062 3556 decimo
1082 3505 1187 3558 octavo
