2552 4048
571 257 808 322 -110-

184 397 369 464 substantia
392 398 592 464 adorandum
615 401 765 463 asserunt
788 396 968 482 Christum,
993 419 1054 464 nec
1077 400 1209 483 acquie-

183 491 279 553 scunt
293 487 373 552 dues
387 488 423 552 in
437 485 567 552 Christo
582 485 782 553 confitendas
797 490 939 570 naturas,
958 486 1077 553 docens
1092 509 1209 552 secun-

103 583 109 594 ’
182 577 259 642 dum
290 576 482 642 relationem
517 575 749 660 scripturarum
780 597 879 640 unam
910 575 946 640 in
982 576 1039 640 illo
1074 575 1140 640 Dei
1175 580 1210 640 et

181 664 334 730 Hominis
366 686 538 750 personam
566 686 651 746 esse,
682 686 749 730 non
777 686 876 729 unam
904 665 1012 730 carnis
1040 667 1074 728 et
1101 665 1207 731 Verbi

148 757 344 820 enaturam.
381 750 483 819 Simul
512 757 545 818 et
566 752 740 838 impugnat
762 753 889 838 aliquos
913 751 1038 838 Oyrilli,
1062 753 1205 818 Alexan-

184 842 267 908 drini
295 843 448 928 episcopi,
472 842 650 908 sententias
681 843 792 908 dicens
825 843 953 906 incaute
982 842 1023 908 ab
1054 842 1114 908 illo
1149 843 1206 907 ad-

182 953 294 997 versus
318 929 507 998 Nestorium
534 932 695 1016 prolatas,
724 952 804 1016 quae
832 931 1014 996 fomentum
1043 934 1076 994 et
1104 932 1210 996 robur

182 1020 307 1086 addunt
320 1019 558 1104 Timotheanis3
583 1020 668 1104 quod
687 1020 779 1086 valde
802 1019 942 1084 inaniter
964 1019 1050 1086 dicit.
1084 1019 1206 1085 Vivere

183 1109 286 1174 adhuc
309 1109 427 1174 dicitur
450 1114 483 1175 et
506 1131 544 1174 ex
566 1111 712 1194 tempore
735 1109 924 1174 declamare.

130 1302 163 1351 10
565 1269 646 1362 Gap.
679 1270 816 1343 XCIV.

272 1409 429 1494 Gelasius,
452 1409 541 1474 urbis
560 1407 684 1474 Romae
703 1409 883 1493 episcopus,
902 1407 1032 1492 scripsit
1046 1408 1208 1474 adversus

181 1498 355 1584 Eutychen
378 1502 411 1564 et
428 1497 617 1564 Nestorium
636 1498 757 1583 grande
771 1501 810 1562 'et
829 1497 1030 1581 praeclarum
1049 1498 1206 1562 volumen

162 1593 215 1652 ·et
232 1590 390 1652 tractatus
409 1587 609 1653 diversarum
627 1587 859 1670 scripturarum
878 1589 911 1650 et
924 1589 1205 1651 sacramentorum

182 1677 335 1741 delimato
369 1696 516 1740 sermone
553 1679 586 1738 et
624 1675 777 1739 adversus
809 1675 942 1740 Petrum
979 1677 1012 1738 et
1046 1673 1204 1740 Acacium

130 1765 314 1848 rescripsit
345 1764 516 1849 epistulas,
554 1785 636 1848 quae
673 1763 769 1828 hodie
805 1763 840 1827 in
877 1762 1013 1829 ecclesia
1048 1767 1205 1829 tenentur

182 1854 349 1920 catholica.
390 1852 481 1918 Fecit
504 1855 537 1918 et
553 1852 695 1936 hymnos
714 1853 748 1916 in
769 1852 1015 1917 similitudinem
1033 1851 1205 1918 Ambrosii

182 1937 336 2027 episcopi.
383 1941 473 2008 Obiit
496 1941 556 2006 sub
581 1940 756 2006 Anastasio
781 1940 940 2026 Augusto.
1066 1977 1070 1984 ·

577 2103 658 2195 Cup.
690 2103 803 2175 XCV.

269 2243 472 2326 Honoratus,
510 2240 745 2308 constantinae
782 2240 913 2307 Africae
956 2241 1099 2306 civitatis
1138 2240 1203 2324 epi-

128 2349 162 2399 20
183 2329 314 2418 scopu's,
342 2332 472 2417 scripsit
495 2331 536 2395 ad
563 2330 738 2396 Arcadium
762 2330 934 2415 quendam,
958 2331 1013 2415 qui
1035 2352 1097 2413 pro
1126 2351 1203 2394 con·

179 2422 322 2488 fassione
340 2421 413 2485 fidei
428 2418 606 2484 catholicae
624 2419 660 2482 in
680 2419 828 2502 partibus
843 2419 974 2484 Africae
989 2440 1010 2482 a
1023 2415 1202 2483 Genserico

180 2530 257 2595 rege
275 2510 393 2574 missus
408 2508 583 2592 exsulabat,
598 2507 770 2592 epistulam
786 2506 827 2572 ad
844 2506 974 2573 labores
991 2529 1051 2591 pro
1067 2505 1201 2572 Christo

179 2597 330 2664 ferendos
349 2596 563 2662 hortatoriam
579 2599 612 2660 et
626 2597 781 2680 exemplis
799 2596 1026 2681 praesentibus
1051 2600 1084 2660 et
1098 2595 1201 2679 scrip-

179 2692 326 2753 turarum
348 2685 560 2752 relationibus
584 2685 786 2769 roboratam,
814 2688 847 2748 et
876 2684 962 2769 quod
985 2684 1201 2750 confessionis

125 2795 160 2846 25
179 2777 253 2842 fidei
271 2773 512 2861 perseverantia
529 2794 596 2838 non
616 2775 720 2838 solum
734 2773 911 2858 praeterita
923 2776 1041 2858 purget
1055 2777 1201 2857 peccata,

181 2865 237 2950 sed
260 2869 293 2930 et
315 2865 465 2930 meritum
489 2865 640 2948 procuret
662 2862 817 2947 martyrii.
1267 2875 1268 2900 ³

566 3026 648 3117 Cup.
679 3025 816 3097 XCVI.

269 3143 410 3212 Cerealis
433 3147 617 3232 episcopus,
644 3147 777 3212 natione
805 3145 901 3228 Afer,
928 3146 1150 3230 interrogatus
1178 3167 1200 3208 a

178 3235 368 3321 Maximino,
389 3234 585 3302 Arianorum
609 3236 774 3320 episcope,
802 3234 830 3300 si
858 3237 969 3318 posset
1001 3233 1052 3298 vel
1083 3234 1199 3317 paucis

178 3394 263 3446 prosa
281 3393 363 3432 versu
418 3381 434 3429 3
454 3374 540 3430 Bern:
560 3373 761 3430 revelationem
823 3380 837 3429 'l
859 3372 955 3428 Bern:
975 3388 1049 3442 quae
1068 3389 1145 3426 nunc

179 3446 503 3589 {dodedgbeblglrimm
521 3445 679 3501 Achaicum
752 3452 783 3500 17
804 3443 931 3501 Norimb.
942 3443 1034 3499 addit:
1050 3445 1146 3499 afficte
1161 3443 1196 3510 (t)
