2546 4036
440 803 713 880 Praefatio.

521 981 627 990 -n-——u

157 1101 248 1167 Illius
268 1103 312 1167 de
335 1103 431 1168 viris
456 1102 693 1167 inlustribus
713 1101 794 1166 sive
815 1101 857 1165 de
877 1100 1080 1184 scriptori-

75 1209 139 1273 bus
175 1209 459 1276 ecclcsiasticis
496 1210 584 1292 libri,
622 1231 717 1294 quem
750 1230 778 1273 a.
801 1209 867 1273 392
899 1207 1083 1292 composuit

75 1313 301 1401 Hieronymus,
336 1317 490 1402 permulti
526 1319 655 1381 exstant
691 1313 816 1381 codices
850 1337 931 1401 quos
969 1335 1081 1380 omnes

75 1442 255 1487 enumerare
282 1424 417 1508 longum
441 1425 500 1488 est.

157 1527 380 1596 Vetustissimi
404 1533 493 1595 sunt:

199 1633 233 1723 a)
255 1634 451 1722 Vaticanus,
468 1635 547 1702 bibl.
561 1634 770 1722 Reginensis,
783 1658 815 1702 n.
829 1636 927 1720 2077,
941 1635 1076 1700 membr.

255 1741 276 1806 2
300 1743 373 1826 col,
396 1741 549 1808 foliorum
575 1742 653 1825 101,
677 1764 758 1808 saec.
772 1741 848 1808 VII.

198 1846 234 1933 b)
256 1846 469 1933 Veronensis,
492 1849 570 1915 bibl.
590 1846 913 1933 capicu1.,n.xxrl,
936 1848 1077 1930 membr,
1185 1903 1191 1918 .

255 1953 314 2021 fol.
334 1954 407 2040 175,
431 1975 513 2020 saec.
530 1953 622 2020 VIII.
760 1947 774 1957 ”

199 2057 231 2146 a)
258 2057 489 2146 Vercellensis,
515 2061 595 2127 bibl.
623 2059 779 2145 capitul,
800 2051 845 2125 ἠ.
873 2058 1079 2144 euxxxlss,

255 2168 403 2252 membr,
425 2167 480 2233 fol.
502 2168 574 2252 109,
597 2188 679 2233 saec.
698 2165 879 2232 VIH-IX.

155 2270 205 2337 Ex
232 2271 284 2338 his
317 2273 404 2359 quod
432 2273 629 2340 Vaticanum
662 2274 767 2340 solum
804 2272 950 2338 conferre
987 2273 1080 2356 potui

73 2376 273 2444 vehementer
295 2379 398 2447 doleo.
434 2380 530 2447 Hune
553 2385 661 2448 autem
683 2384 801 2467 rogatu
820 2402 892 2446 meo
910 2380 1079 2445 transscri-

74 2483 209 2550 bendum
232 2508 358 2552 summa
380 2486 575 2553 liberalitate
599 2489 724 2554 amavit

173 2635 380 2706 Frldcrlcus,
402 2635 678 2707 archiepiscopus
700 2637 972 2708 Bambergensis,
1107 2616 1117 2626 “

73 2768 122 2832 cui
142 2768 203 2834 hoc
224 2770 297 2835 loeo
320 2768 425 2834 denuo
449 2769 572 2854 gratias
596 2790 659 2856 ago
682 2770 850 2836 maximas.

156 2874 285 2941 Praeter
298 2873 495 2942 Vaticanum
510 2877 584 2942 aliis
598 2877 705 2943 tribus
719 2898 796 2943 usus
811 2899 883 2943 sum
897 2875 1077 2943 codicibus:

200 2980 233 3069 a)
256 2981 503 3070 Bambergensi,
524 3006 556 3050 n.
575 2983 650 3064 677,
674 2984 715 3049 81
736 2982 801 3067 fol,
824 3004 905 3048 saec.
925 2982 982 3050 XI.

199 3086 236 3176 b)
259 3087 432 3175 Beruensi,
455 3111 536 3156 saee.
555 3089 618 3175 XI,
650 3090 740 3156 euius
772 3090 927 3156 lectiones
960 3091 1078 3156 eximia

261 3196 431 3282 diligentia
458 3199 588 3262 notatas
604 3195 781 3262 Godofredi
795 3195 1079 3282 Dummcrmuthii,

262 3302 410 3387 discipuli
434 3301 596 3389 quondam
619 3303 699 3389 mei,
721 3303 882 3369 amicitiae
906 3303 1015 3369 debeo.

205 3407 236 3494 e)
259 3407 538 3496 Norimbcrgensi,
553 3431 633 3476 saec.
647 3408 736 3496 XIV,
754 3409 834 3476 satis
847 3410 948 3494 bono,
967 3410 1022 3474 sed
1037 3409 1078 3474 ab

131 3555 134 3562 ·
260 3515 390 3581 homine
409 3516 548 3602 quodam
562 3539 702 3604 nequam
719 3515 903 3582 foedissime
917 3516 1077 3582 mutilato.
