2552 4048
475 269 696 332 „91-

68 405 202 472 indiciis
225 407 262 470 in
285 407 419 472 modum
441 408 547 473 sancti
561 406 716 493 Cypriani
735 409 886 494 martyris
905 409 1092 496 praesigna-

66 501 152 560 turn.
190 493 372 580 Postquam
391 517 467 562 vero
486 496 647 563 hereticus
666 498 851 582 publicatus
874 501 937 583 est,
962 499 1093 584 scrips't

67 583 180 649 heresi
203 603 282 649 suae
305 584 458 650 faventia.
737 597 745 608 '

461 765 544 858 cap.
576 766 717 839 rma

162 901 389 988 innocentius,
412 905 502 971 urbis
525 905 649 970 Romae
673 906 858 990 episcopus,
883 905 1013 988 scripsit
1035 905 1123 970 det

71 995 197 1056 cretum
221 991 471 1058 occidentalium
493 995 702 1059 ecclesiarum
726 995 878 1060 adversus
897 993 1091 1078 Pelagianos

74 1080 200 1165 datum,
227 1080 315 1164 quod
342 1085 457 1166 postea
486 1103 652 1149 successor
674 1084 742 1148 sius
765 1103 851 1169 papa
873 1081 1022 1148 Zosimus
1044 1083 1090 1148 la-

73 1171 136 1234 tius
162 1169 398 1254 promulgavit.

469 1319 552 1409 Cup.
584 1317 701 1390 XLV.
730 1315 735 1328 '

163 1450 358 1540 Caelestius,
386 1459 561 1541 antequam
584 1457 717 1542 Pelagio
741 1459 960 1538 concurreret,
988 1455 1087 1519 immo
1109 1468 1142 1518 10

72 1542 177 1608 adhuc
202 1543 399 1629 adulescens,
423 1545 554 1629 scripsit
576 1544 787 1629 adparentes
811 1565 887 1610 suos
911 1543 961 1608 ‘de
979 1565 1091 1609 mona·

73 1630 186 1696 sterio'
211 1631 368 1715 epistulas
387 1634 423 1698 in
441 1635 572 1700 modum
590 1634 775 1700 libellorum
793 1637 860 1698 tres
879 1633 969 1700 omni
984 1630 1090 1696 Deum

70 1720 490 1788 desiderantinecessarias
514 1723 667 1807 morales,
686 1722 845 1806 siquidem
868 1722 968 1786 ineis
992 1721 1089 1786 dictio

71 1809 155 1874 nihil
182 1809 255 1874 vitii
282 1811 490 1894 postmodum
517 1811 651 1894 proditi,
679 1811 735 1876 sed
762 1814 868 1875 totum
892 1810 933 1875 ad
957 1809 1088 1875 virtutis

70 1898 320 1964 incitamentum
343 1903 570 1985 argumentum
592 1899 706 1964 tenuit.
1109 1909 1142 1958 15

456 2100 538 2189 Gap.
570 2098 710 2170 XLVI.

160 2233 308 2300 Iulianus
336 2237 520 2321 episcopua,
552 2238 602 2302 vir
631 2259 705 2303 acer
732 2237 878 2323 ingenio,
909 2235 945 2300 in
972 2235 1090 2299 divinis

72 2324 243 2408 scripturis
263 2324 386 2407 doctus,
405 2323 579 2391 Graecast
598 2325 716 2391 Latina
734 2327 848 2412 lingua
867 2323 1090 2406 scholasticus,

73 2414 262 2497 priusquam
289 2413 490 2498 impietatem
522 2415 647 2500 Pelagii
674 2416 708 2481 in
738 2437 772 2480 se
800 2414 953 2500 aperiret,
982 2412 1089 2478 clarus

71 2501 107 2565 in
130 2501 318 2567 doctoribus
342 2503 494 2568 ecclesiae
517 2504 588 2568 fuit.
624 2504 743 2570 Postea
765 2525 842 2570 varo
865 2503 1005 2568 heresim
1028 2499 1089 2566 Pe·
1108 2512 1143 2561 2ο

73 2589 151 2675 legii
179 2589 349 2656 defendere
381 2593 471 2656 nisus
504 2593 634 2676 scripsit
661 2594 832 2657 adversum
859 2591 1088 2676 Augustinum,

14 2745 16 2776 ὴ
72 2678 730 2834 tuuuilonltullnttl
748 2682 865 2853 latr
887 2676 1088 2831 uscul-

143 2947 159 2994 2
179 2939 277 2997 Bamb.
297 2943 327 2998 et
344 2941 485 2998 Norimb.:
503 2945 568 3013 post
584 2943 726 2998 hereticus
744 2941 904 3012 publicatus
953 2945 969 2994 6
988 2937 1088 2994 Bamb.

75 3017 103 3068 et
119 3011 248 3067 Norimb.
267 3013 386 3069 addunt:
406 3016 436 3069 et
454 3014 632 3069 orientalium
701 3021 735 3069 10
754 3012 893 3069 Norimb.:
914 3011 1088 3066 Caelestinus

135 3083 275 3138 Norimb.:
293 3084 478 3155 Pelagianum
497 3086 600 3154 dogma
618 3085 774 3140 incurreret
846 3089 878 3138 12
898 3082 1009 3138 Bamb.:
1029 3083 1088 3153 epi-

76 3155 177 3211 stulam
197 3194 203 3207 .
225 3192 230 3204 .
249 3155 341 3210 libelli
415 3162 449 3209 14
467 3155 547 3210 Vatr
567 3155 641 3210 nihil
658 3155 700 3209 ibi
717 3154 781 3211 vitii
867 3161 901 3209 15
919 3153 1088 3210 vocabulum

78 3227 294 3294 ‘argumentum’
317 3225 413 3281 inveni
430 3225 460 3280 in
475 3227 540 3282 Vat.
558 3226 589 3280 in
607 3227 700 3295 capite
720 3225 848 3296 sequenti
865 3227 944 3296 post:
963 3225 1088 3278 Iulianus

77 3298 235 3366 episcopum
254 3313 350 3350 omnes
365 3297 502 3352 scribunt:
522 3297 558 3351 ad
576 3297 791 3353 incitamentum
812 3296 916 3361 tenuit;
936 3295 1012 3363 qnod
1027 3311 1088 3348 sen-

76 3386 109 3422 su
127 3367 202 3422 caret
249 3373 281 3420 1⁷
300 3366 588 3422 Bamb.etNorimb.:
607 3367 754 3452 episcopus
773 3368 841 3422 Cam
862 3382 932 3420 anus
976 3363 1088 3418 Bamb.:

77 3454 139 3493 acer
155 3437 185 3490 in
202 3438 318 3507 negotio
364 3437 505 3494 Norimb.=
524 3439 595 3492 acris
613 3437 721 3508 ingemi
794 3443 825 3492 19
872 3437 909 3491 at.
930 3436 959 3488 at
976 3433 1088 3490 Bamb.:

78 3508 152 3578 prius
169 3523 237 3578 ergo
257 3523 343 3578 qnam
415 3514 448 3562 23
468 3508 580 3564 Bamb.:
600 3508 747 3564 ambarum
764 3507 888 3578 partium
