2546 4036
563 217 784 286 „26-

166 365 200 426 et
222 359 321 428 alium
343 360 462 428 librum
491 359 547 445 qui
569 356 678 426 Oloris
706 359 902 442 inscribitur,
925 357 964 432 de
988 356 1181 430 diabolosli·

165 450 260 515 brum
283 471 392 534 unum,
415 449 454 514 de
477 447 676 532 Apocalypsi
694 445 848 514 Iohannis
872 446 992 513 librum
1015 468 1126 530 unum,
1149 452 1181 511 et

164 534 240 623 περὶ
262 531 478 622 Ἐνσωμάτου
499 536 587 602 θεοῦ
608 537 727 602 librum
745 557 860 620 unum,
880 539 916 600 et
934 534 1121 620 eclogarum
1143 535 1182 600 li-

165 628 242 692 bros
266 648 332 692 sex.
375 624 482 694 Huius
505 625 636 710 elegans
664 627 697 689 et
718 624 984 693 declamatorium
1009 623 1181 708 ingenium

131 713 384 782 tTortullianus
412 716 447 780 in
470 717 593 798 septem
617 713 724 798 libris,
756 735 838 798 quos
866 711 996 796 scripsit
1023 711 1180 778 adversus

168 804 337 870 ecelesiam
359 825 418 887 pro
441 802 614 886 Montano,
642 801 813 868 cavillatur
840 800 951 866 dicens
974 821 1047 864 eum
1072 822 1101 866 a·
1116 801 1182 884 ple-

169 893 278 976 risque
301 895 486 967 nostrorum
508 891 702 975 prophetam
725 890 844 974 putari.
1050 895 1051 898 ’

557 1071 639 1164 Oop.
670 1070 793 1143 XXV.

254 1209 469 1296 Theophilus,
497 1213 607 1274 sextus
631 1207 855 1276 Antiochenac
883 1207 1035 1274 ecelesiae
1059 1207 1183 1290 episco-

113 1318 147 1368 10
165 1322 236 1384 pus,
259 1299 319 1365 sub
337 1297 449 1364 Marco
471 1299 639 1364 Antonino
658 1297 746 1364 Vero
770 1297 888 1363 librum
911 1299 1025 1362 contra
1042 1295 1181 1361 Marcio·

165 1411 241 1454 nem
274 1389 471 1472 composuit,
503 1387 559 1472 qui
590 1407 691 1472 usque
724 1385 821 1452 hodie
854 1389 968 1451 exstat
1017 1381 1182 1450 Feruntur

124 1537 126 1540 ,
166 1479 234 1542 eius
258 1480 291 1541 et
314 1476 354 1540 ad
377 1475 576 1560 Autolycum
603 1477 668 1540 tria
690 1475 868 1559 volumina,
896 1477 930 1540 et
953 1473 1067 1538 contra
1088 1473 1182 1538 here-

167 1567 228 1630 sim
250 1563 465 1649 Hermogenis
489 1563 573 1628 liber
595 1563 696 1648 unus,
724 1566 757 1628 et
784 1563 841 1628 alii
863 1563 977 1629 breves
1001 1563 1182 1647 elegantes·

168 1675 229 1738 que
252 1655 412 1718 tractatus
441 1652 482 1717 ad
511 1651 769 1717 aedificationem
792 1652 947 1718 eeclesiae
969 1651 1182 1737 pertinentes.

115 1757 148 1807 15
168 1741 249 1827 Legi
272 1740 332 1806 sub
354 1741 483 1806 nomine
507 1739 575 1804 eius
597 1741 633 1804 in
656 1741 861 1825 evangelium
884 1745 917 1805 et
934 1739 1107 1825 proverbia
1126 1737 1183 1804 Sa-

166 1831 307 1896 lomonis
330 1829 592 1914 commentarios,
620 1830 676 1914 qni
700 1828 781 1894 mihi
803 1852 876 1895 cum
900 1829 1104 1912 superiorum
1127 1849 1183 1892 vo-

168 1921 327 1985 luminum
349 1919 511 2004 elegantia
534 1921 567 1984 et
589 1915 711 2003 φράσει
733 1939 801 1983 non
823 1917 974 1983 videntur
994 1935 1185 2002 congruere.

543 2099 626 2190 Cup.
658 2097 803 2172 XXVI.

254 2236 468 2323 Apollinaris,
492 2236 592 2302 Asiae
615 2237 881 2321 Hierapolitanus
904 2236 1090 2321 episeopus,
1120 2237 1181 2302 sub

114 2344 148 2392 ao
166 2325 277 2392 Marco
291 2325 460 2392 Antonino
475 2324 562 2390 Vero
581 2327 776 2410 imperatore
793 2325 912 2411 floruit,
931 2325 982 2390 cui
1001 2328 1033 2389 et
1052 2325 1184 2410 insigne

168 2415 317 2480 volumen
340 2435 401 2498 pro
428 2415 489 2497 fide
511 2412 772 2480 Christianorum
800 2414 896 2480 dedit.
940 2413 1083 2479 Exstant
1112 2414 1182 2478 eius

166 2506 200 2568 et
228 2502 283 2567 alii
311 2503 452 2588 quinque
481 2501 634 2570 adversus
664 2507 776 2589 gentes
793 2503 894 2587 libri,
922 2505 955 2567 et
977 2503 1016 2566 de
1039 2503 1181 2567 veritate

167 2591 245 2676 duo,
274 2594 308 2655 et
344 2590 514 2657 adversum
551 2590 779 2677 (latophrygas
811 2595 890 2656 tnnc
926 2591 1069 2675 primum
1107 2613 1183 2656 eum

166 2679 278 2746 Prisca
300 2683 333 2746 et
354 2679 549 2766 Maximilla,
574 2681 699 2746 insanis
722 2679 1059 2764 vatibus,incipiente
1084 2677 1179 2746 Mon-

113 2785 147 2836 ac
165 2772 252 2836 tanc.

534 2897 616 2988 cap.
647 2895 818 2969 XXVII.
944 2882 945 2885 ‘

255 3007 440 3118 Dionysius,
463 3033 707 3100 Corinthiorum
730 3035 882 3100 ecclcsiae
905 3034 1086 3120 episcopus,
1108 3037 1184 3099 tan-

166 3126 220 3188 tae
244 3123 448 3207 eloquentiae
472 3127 505 3188 et
527 3122 706 3188 industriae
727 3122 807 3208 fuit,
829 3127 867 3188 ut
887 3145 956 3188 non
973 3123 1079 3188 solum
1103 3144 1185 3188 suae

166 3279 266 3328 unum,
299 3260 334 3316 de
364 3261 545 3343 generatione
576 3261 679 3316 Christi
705 3261 809 3318 librum
838 3279 937 3328 unum,
965 3261 1001 3316 de
1026 3261 1181 3330 prophetia

166 3333 276 3400 (Bamb.
295 3334 324 3390 et
337 3332 474 3414 Nonmb.)
489 3331 593 3388 hbrnm·
604 3350 691 3398 unum
758 3333 871 3388 3·Vat.=
891 3353 941 3388 aaa
954 3351 1017 3388 ταιν
1036 3349 1180 3401 neowan·

166 3421 304 3528 ppppseze?
332 3403 691 3544 Nhimiat.n⁰iltllhg⁷lal⁰⁵
709 3423 873 3475 erccpurov
892 3404 944 3462 eto.
1046 3408 1080 3457 12
1100 3402 1184 3460 Van:
