2552 4048
558 253 754 316 ..8-

151 411 303 496 petistis’.
331 410 447 476 Altera
461 415 569 475 autem
584 410 634 474 die
649 411 815 475 universos
831 409 881 474 sui
894 410 1023 493 imperii
1036 411 1166 475 nobiles

153 503 185 564 et
198 499 355 583 primatos
370 500 546 584 imperator
560 521 618 582 per
631 499 764 563 nuntios
779 520 854 564 suos
869 503 901 562 et
915 499 1043 564 litteras
1058 499 1169 564 vocari

151 588 229 652 fecit
253 587 293 652 ad
316 592 439 652 certam
463 591 620 652 statutam
647 587 733 652 diem
756 587 796 651 ad
816 588 975 672 agendum
995 587 1169 652 sollemnia

151 676 348 759 nuptiarum.

102 761 144 824 11
245 763 307 830 Die
327 767 452 830 verost
474 768 547 828 tuta
489 764 734 829 utadrenient
721 767 753 830 te
773 786 810 828 ac
825 765 983 828 universis
1001 765 1198 829 nobilibus5

153 857 191 918 ut
227 853 447 936 praemittitur
455 787 733 938 acongregatis
724 857 901 937 imperator
936 853 1039 917 filiam
1076 875 1170 917 snam

153 942 282 1006 unicam
310 941 457 1025 praefato
482 940 641 1007 Constant
627 943 696 1006 tino
724 942 758 1006 in
784 941 880 1094 faciet
890 943 1033 1006 omnium
1055 943 1169 1006 matri·

155 1029 343 1096 monialiter
370 1034 403 1094 et
430 1030 596 1095 sollemnit
582 1034 632 1095 ter
660 1030 1271 1118 copulavitet,utmorisest,1

153 1119 291 1202 regalit
277 1119 423 1183 thalamo
446 1123 641 1203 praeparato
623 1141 733 1184 oeam
753 1119 817 1182 sibi
835 1079 933 1183 mairt
909 1053 980 1182 'tuali
999 1119 1104 1183 affect'
1079 1122 1170 1183 trone
1270 1125 1271 1184 l

153 1207 234 1271 inibi
263 1207 526 1358 pertractandam
558 1208 702 1272 sociavit.
753 1205 986 1278 Constantinus
1018 1228 1095 1271 varo
1129 1207 1170 1271 de
1186 1227 1213 1266 ro
1270 1187 1271 1280 l

153 1295 215 1360 tali
239 1296 375 1379 coniuge
400 1297 432 1359 et
451 1296 540 1360 socia
562 1296 643 1361 bene
664 1299 796 1360 content
799 1317 836 1360 us
860 1317 931 1360 eam
955 1317 1027 1360 cum
1050 1294 1170 1396 gaudio

155 1384 333 1468 suscipiens
353 1384 472 1449 osculis
492 1388 525 1448 et
548 1384 749 1468 amplexibus
770 1405 806 1448 ac
825 1385 954 1467 ceteris,
978 1405 1060 1468 quae
1082 1384 1170 1447 inter

153 1472 237 1536 tales
257 1473 409 1558 coniuges
429 1473 561 1538 iuvenes
576 1477 608 1538 et
626 1473 746 1537 hilares
767 1473 907 1537 exerceri
924 1476 1169 1554 consueverunt,

152 1561 236 1624 ludis
265 1563 297 1624 et
326 1561 454 1624 solaciis
482 1583 548 1626 non
580 1564 708 1624 tantum
740 1560 797 1625 illa
824 1561 881 1626 sed
913 1561 1024 1624 multis
1051 1564 1169 1644 postea

151 1648 300 1712 noctibus
333 1651 501 1731 tamquam
533 1670 666 1712 uxorem
699 1649 914 1713 amicabiliter
945 1649 1168 1733 pertractavit.
1184 1667 1210 1706 15

151 1733 248 1800 Mane
271 1740 380 1801 autem
406 1738 493 1801 facto
521 1758 580 1801 nee
603 1759 676 1801 cum
703 1737 797 1820 plene
826 1759 943 1802 aurora
972 1742 1080 1802 ortum
1103 1737 1169 1801 diei

152 1825 366 1908 patefaceret,
393 1825 572 1908 imperator
600 1826 770 1890 associatis
798 1826 861 1890 sibi
894 1826 1011 1910 puellis
1039 1828 1072 1890 et
1099 1847 1168 1889 ma-

151 1914 255 1978 tronis
275 1913 389 1978 multis
409 1918 442 1980 et
460 1913 627 1978 nobilibus
651 1935 806 1997 sponsum
823 1914 935 1997 ⁸ipsum
959 1919 992 1979 et
1015 1936 1169 1998 sponsam
1270 1917 1271 1982 l

153 2023 225 2066 cum
255 2003 398 2085 cytharis
429 2005 462 2065 et
489 2002 621 2087 organis
650 2007 682 2066 et
709 2003 909 2067 diversorum
940 2023 1093 2086 generum
1119 2003 1168 2066 in·

153 2091 341 2154 strumentis
376 2091 586 2156 musicalibus
617 2093 650 2154 et
679 2109 799 2175 magno
828 2090 970 2174 tripudio
1000 2093 1037 2154 ut
1066 2090 1168 2156 moris
1182 2109 1210 2148 ιο

153 2182 203 2242 est
230 2179 367 2243 visitans
396 2178 434 2242 de
462 2178 608 2243 thalamo
642 2178 762 2244 eduxit.
807 2177 855 2242 Aa
886 2179 1065 2263 imperator
1096 2179 1167 2262 ipse

151 2287 217 2330 una
237 2288 308 2331 eum
327 2267 532 2351 imperatrice
553 2272 586 2332 et
605 2267 763 2332 universis
782 2267 982 2350 principibus
1000 2267 1167 2332 nobilibus

154 2354 277 2419 suiset
264 2355 387 2420 tmilit
389 2356 461 2419 ibus
486 2355 647 2419 observat
623 2359 666 2419 trs
691 2355 894 2420 caerimoniis
918 2356 1080 2420 consuetis
1104 2357 1168 2420 sol·

152 2443 267 2506 lemnit
253 2447 357 2506 tatem
375 2443 591 2526 nuptiarum
582 2466 616 2507 ιιι
639 2444 795 2508 conviviis
821 2449 854 2508 et
876 2448 1037 2508 comesset
1023 2445 1167 2509 tionibus

150 2530 304 2614 tripudiis
332 2533 365 2594 et
350 2530 576 2595 thastiludiis
605 2535 638 2595 et
670 2531 744 2596 aliis
771 2531 857 2596 ludis
889 2536 921 2596 et
951 2532 1119 2598 solaciis
1110 2555 1168 2596 rm·
1182 2551 1209 2590 2⁵
1270 2525 1271 2624 l

152 2619 307 2702 perialem
335 2618 540 2684 maiestatem
569 2620 817 2685 condecentibus
849 2622 952 2685 totam
979 2621 1064 2685 diem
1095 2643 1169 2685 cum
1270 2633 1271 2670 ι

152 2707 397 2772 continuatione
415 2707 629 2790 plurimorum
644 2709 848 2792 sequentium
863 2709 988 2774 dierum
1007 2709 1168 2774 deducens
1270 2703 1271 2748 l

154 2796 319 2862 sollemnit
306 2801 356 2862 ter
373 2796 601 2861 honorificet
569 2799 601 2860 et
620 2797 827 2861 celeberrime
845 2799 959 2881 peragi
975 2797 1170 2880 procuravit.

99 2879 142 2942 12
241 2883 321 2948 Post
339 2884 420 2949 haee
442 2888 554 2968 peract
555 2885 583 2948 is
540 2885 732 2949 tduobus
752 2885 804 2949 vel
827 2885 931 2949 tribus
951 2886 1116 2950 mensibus
1136 2889 1170 2949 et
1270 2943 1271 2968 ,

151 2973 185 3036 in
205 2972 334 3036 solaciis
358 2977 537 3058 congruent
523 2974 610 3038 tibus
630 2973 757 3038 deduet
733 2976 776 3037 trs
795 2977 991 3038 mercatores
1010 2972 1166 3059 praedict
1157 2991 1209 3037 ιιι

222 3169 237 3216 2
256 3178 308 3232 per
329 3136 463 3216 nunccios
487 3180 551 3218 suos
576 3165 606 3217 et
627 3163 738 3218 litteras
762 3164 807 3231 D,
831 3181 883 3234 per
902 3181 966 3218 suos
984 3163 1119 3216 nunccios
1139 3165 1169 3217 et

149 3233 260 3288 litteras
276 3233 311 3289 F.
376 3233 475 3287 afecit
488 3235 527 3301 D,
541 3250 593 3304 cep
594 3234 663 3288 itF.
728 3205 846 3304 solleinp
831 3183 946 3302 pniaD,
961 3233 1118 3302 solempnia
1131 3234 1166 3288 F.

150 3303 382 3373 8sollempniter
395 3306 470 3360 codd.
546 3253 593 3358 13p
597 3304 713 3359 iuvenes
728 3307 758 3359 et
771 3307 815 3372 D,
835 3307 864 3361 et
880 3323 929 3360 om
945 3306 981 3361 F.
1053 3303 1168 3371 hylares

150 3377 226 3430 codd.
318 3382 350 3436 16
375 3374 441 3427 dum
460 3375 550 3440 codd,
574 3391 637 3428 cum
661 3378 770 3431 conieci.
862 3383 896 3431 23
925 3374 1167 3460 sollempnitatem

149 3443 315 3513 nupciarum
337 3447 413 3500 codd.
486 3451 519 3498 27
545 3445 724 3512 sequencium
748 3448 825 3502 codd.
903 3447 1043 3501 deducens
1066 3448 1167 3516 scripsi
1270 3485 1271 3520 p

1270 3613 1271 3644 l

146 3531 200 3584 pro
219 3517 341 3570 codicum
358 3518 498 3585 scriptura
516 3515 694 3572 deducentes.
767 3523 801 3572 28
821 3516 1015 3588 sollempniter
1033 3517 1110 3571 codd.
