2552 4048
496 281 715 346 „97-

94 422 147 488 ‘do
166 421 391 488 satisfactione
409 419 650 506 paenitentiae',
669 421 719 486 ‘de
737 421 929 486 remissione
948 421 1113 507 Quinqua-

95 509 264 597 gesimae',
289 509 339 575 ‘de
361 510 531 576 nocturnis
553 508 780 594 illusionibus',
804 509 854 575 ‘de
873 530 912 574 eo
931 509 1017 594 quod
1035 511 1115 575 dicit

98 599 285 686 apostolus:
316 597 395 664 ‘non
427 599 514 663 enim
543 600 629 684 quod
655 599 745 684 volo,
767 599 866 682 facio,
889 599 1026 683 bonum,
1058 599 1115 664 aad

95 688 184 774 quod
202 688 291 771 nolo,
309 687 446 771 malum,
463 688 525 754 hoc
545 687 630 773 ago’,
649 686 699 754 ‘de
717 685 994 765 mortificatione';
1018 689 1052 752 et
1074 687 1115 752 ad

94 781 279 845 extremum
301 777 437 862 rogatus
460 799 480 840 a
497 775 606 843 Leone
630 776 869 860 archidiacono,
886 779 1002 862 postea
1023 775 1114 840 urbis
1134 792 1169 842 -5

94 865 222 931 Romae
247 866 407 952 episcopo,
431 865 562 950 scripsit
590 865 760 932 adversum
782 863 970 930 Nestorium
994 863 1044 930 ‘de
1066 865 1115 930 in-

95 957 289 1020 carnatione
302 952 447 1019 Domini'
466 955 569 1021 libros
583 953 649 1020 VII
672 958 705 1018 et
723 954 759 1018 in
776 954 829 1018 his
848 953 1010 1018 scribendi
1029 953 1116 1038 apud

94 1041 279 1108 Massiliam
304 1046 337 1107 et
358 1043 487 1108 vivendi
515 1043 612 1108 finem
634 1043 712 1108 fecit
734 1041 916 1108 Theodosio
940 1047 973 1108 et
995 1041 1116 1108 Valen-

94 1131 224 1198 tiniano
248 1131 470 1218 regnantibus.

479 1347 560 1438 Gap.
589 1347 742 1418 LXIII.
1137 1379 1171 1428 10

187 1503 360 1586 Philippus
383 1503 560 1587 presbyter,
587 1502 731 1586 optimus
760 1503 891 1568 auditor
917 1501 1119 1588 Hieronymi,

86 1595 339 1658 commentatus
370 1592 405 1656 in
427 1590 487 1656 Iob
515 1590 615 1656 edidit
644 1612 791 1657 sermone
820 1591 961 1674 simplici
989 1590 1118 1657 librum.

96 1680 180 1766 Lagi
210 1680 280 1744 eius
311 1684 344 1745 et
367 1679 555 1744 ‘familiares
578 1678 748 1764 epistulas'
772 1683 805 1745 et
832 1681 925 1744 valde
955 1681 1056 1747 salsas
1086 1683 1119 1744 et

97 1771 242 1834 maxime
266 1768 307 1833 ad
329 1769 530 1853 paupertatis
555 1771 589 1832 ct
608 1769 753 1833 dolorum
771 1767 981 1833 tolerantiam
1004 1769 1119 1834 erbor-

96 1858 248 1924 tatorias.
294 1857 434 1922 Moritur
456 1855 623 1923 Marciano
648 1859 680 1920 et
702 1855 801 1921 Avito
825 1857 1049 1942 regnantibus.
1139 1873 1172 1923 15

489 2091 571 2181 cap.
599 2089 745 2162 LXIV.

192 2243 390 2330 Eucherius,
413 2243 640 2332 Lugdunensis
665 2245 817 2311 ecclesiae
841 2245 1024 2329 episcopus,
1047 2245 1123 2310 sori·

101 2335 170 2420 psit
194 2334 235 2399 ad
250 2334 461 2400 Valerianum
483 2334 701 2420 propinquum
727 2333 777 2399 ‘de
801 2338 987 2419 contemptu
1010 2333 1122 2398 mundi

104 2428 136 2488 et
154 2422 331 2488 saecularis
350 2421 589 2508 philosophiae'
613 2424 786 2507 epistulam
807 2444 907 2490 unam
926 2421 1122 2491 scholastico

104 2516 138 2578 et
159 2510 350 2577 rationabili
373 2533 530 2577 sermone.
575 2510 737 2578 Disseruit
760 2513 858 2578 etiam
882 2512 923 2578 ad
945 2534 1118 2597 personam
1138 2528 1172 2578 20

105 2600 264 2684 filiorum,
288 2598 412 2665 Salonii
435 2603 469 2666 et
490 2599 641 2684 Veranii,
663 2604 777 2685 postea
800 2602 1040 2686 episcoporum,
1063 2598 1119 2666 ob-

10 2699 11 2724 ³
106 2711 202 2755 scura
230 2709 376 2774 quaeque
404 2691 591 2755 sanctarum
618 2689 761 2773 capitula
788 2689 1036 2773 scripturarum,
1065 2689 1121 2752 sed

107 2781 139 2842 et
167 2777 272 2844 sancti
296 2775 445 2843 Cassiani
474 2778 631 2864 quaedam
659 2777 815 2863 opuscula
840 2779 908 2843 lato
936 2781 1031 2842 tensa
1053 2797 1119 2840 ser-

106 2888 203 2932 mone
227 2869 367 2952 angusto
385 2867 476 2932 verbi
498 2867 663 2933 resolvens
686 2867 817 2932 tramite
840 2866 875 2930 in
893 2887 994 2931 unum
1014 2865 1121 2951 coligit

106 2956 260 3020 volumen
287 2954 414 3040 aliaque
441 2958 510 3020 tam
542 2955 767 3020 ecclesiasticis
800 2976 897 3040 quam
929 2953 1118 3020 monasticis
1139 2969 1173 3020 25
1200 2999 1202 3002 -

107 3043 224 3108 studiis
247 3045 437 3109 necessaria.
482 3043 623 3110 Moritur
644 3041 877 3109 Valentiniano
905 3047 938 3108 et
959 3043 1123 3109 Martiano

108 3132 333 3217 regnantibus.

181 3321 292 3379 1Bern.
312 3322 403 3378 addit:
424 3323 471 3378 ‘de
489 3323 544 3379 fide
558 3323 705 3380 cenobitae
724 3326 753 3380 et
766 3324 911 3380 eremitoe’
982 3323 1125 3379 7Bamb.:

111 3393 273 3462 scribend03
292 3395 407 3449 Veron:
428 3394 581 3450 scribendis
653 3401 689 3450 24
706 3394 804 3450 Bamb.
824 3397 853 3450 et
866 3394 961 3450 Bern:
980 3394 1127 3450 revolvens

147 3470 181 3520 25
200 3463 313 3520 Bamb.:
332 3481 405 3534 quae
423 3468 519 3521 tamen
537 3464 734 3522 ecclesiasticis
752 3467 817 3521 sunt
834 3465 935 3521 studiis
953 3464 1126 3532 neeessaria3

109 3535 206 3592 Bora:
225 3535 447 3591 voluminatam
466 3579 472 3591 .
493 3579 499 3592 .
520 3579 526 3594 .

164 3634 455 3687 Herdlng,'chronymus.
898 3631 913 3679 'l
