2546 4036
489 220 707 284 ..21-

91 383 177 514 qugp
191 361 634 515 i‚qilpimuqltqnprapppqpiatae,
658 383 739 515 qqss
763 365 796 427 et
813 363 1020 515 (qrodveloees
1038 383 1109 428 esse

89 472 178 604 hient
206 471 352 605 alihlirurhl
374 469 664 624 mariymmffmrilon
692 471 1110 623 alitightehohplhsmrh'erhh

91 625 272 713 adtingere.
318 625 441 703 Quodsi
468 625 578 692 venire
604 628 780 713 noluerint,
808 648 869 714 ego
891 628 959 693 vim
981 627 1110 713 faciam,

88 719 127 780 ut
157 716 301 782 devorer.
345 714 509 818 Ignoscite
532 715 628 802 mihi,
650 717 756 804 filioli3
784 716 861 803 quid
890 715 973 782 mihi
994 717 1108 802 prosit,
1127 731 1142 782 5

92 825 156 890 ego
180 805 257 870 seio.
301 803 398 871 Nune
425 805 545 889 moipio
574 826 644 872 esse
668 805 749 872 disoi
771 805 858 886 ulus,
885 805 969 870 nihil
986 805 1026 870 de
1054 805 1107 872 his
1148 822 1151 828 ·

91 915 175 978 quae
193 893 344 960 videntur
363 893 558 978 desiderans,
575 896 612 958 ut
624 893 733 960 Iesum
748 829 917 960 Christum
934 893 1108 961 inveniam.

91 981 199 1066 Ignis,
218 1001 309 1063 crux,
327 981 464 1068 bestiae,
483 982 661 1049 eonfraotio
680 983 803 1048 ossium
825 983 1109 1068 membrorumque

91 1068 209 1138 divisio
238 1075 271 1136 et
298 1071 400 1137 totius
429 1071 574 1156 eorporis
601 1072 757 1140 oontritio
785 1077 819 1138 et
845 1075 918 1140 tota
943 1075 1109 1140 tormenta

92 1159 216 1226 diaboli
238 1159 274 1224 in
297 1183 348 1225 me
371 1159 520 1245 venient,
542 1163 670 1226 tantum
693 1165 732 1227 ut
754 1159 885 1228 Christo
907 1160 1019 1228 fruar?
1129 1176 1161 1224 10

187 1246 332 1334 Cumque
350 1248 416 1314 iam
436 1247 608 1315 damnatus
632 1254 719 1316 esset
737 1251 775 1316 ad
796 1251 917 1316 bestias
937 1255 970 1316 et
993 1250 1107 1316 ardore

91 1337 238 1422 patiendi
275 1337 440 1423 rugientes
473 1337 599 1404 audiret
633 1340 759 1424 leones,
797 1341 856 1404 ait:
893 1339 1108 1404 ‘frumentum

92 1423 216 1490 Christi
234 1447 322 1510 sum3
346 1425 496 1491 dentibus
515 1426 694 1506 bestiarum
716 1429 829 1513 molar,
847 1431 884 1492 ut
901 1427 996 1511 panis
1015 1447 1107 1490 mun-

91 1513 151 1580 dus
174 1513 347 1580 inveniar'.

181 1601 302 1668 Passus
326 1607 376 1668 est
404 1625 490 1668 anno
517 1603 690 1671 undecimo
714 1603 862 1686 Traiani,
894 1608 928 1669 et
953 1603 1107 1688 reliquiae
1128 1617 1160 1664 15

92 1691 240 1775 eorporis
264 1691 333 1758 eius
356 1691 392 1755 in
414 1691 594 1758 Antiochia
615 1693 723 1760 iaeent
745 1697 836 1760 extra
858 1697 986 1778 portam
1009 1690 1108 1777 daph-

91 1780 227 1844 nitioam
251 1780 287 1844 in
310 1780 479 1880 cimiterio.

484 1961 566 2054 esp.
598 1959 728 2033 XVII.

180 2097 396 2184 Polycarpus‚
430 2099 587 2165 Iohannis
621 2100 762 2182 apostoli
794 2099 970 2184 discipulus
1001 2102 1035 2165 et
1067 2099 1108 2165 ab

94 2209 131 2252 eo
156 2183 316 2272 Smyrnae
340 2187 511 2272 episeopus
535 2187 717 2273 ordinatus,
740 2187 841 2254 totius
864 2189 963 2254 Asiae
986 2187 1107 2273 episoo·
1127 2201 1162 2250 20

92 2297 153 2360 pus
177 2276 328 2361 princeps
350 2277 428 2360 fuit,
463 2277 583 2368 quippe
610 2279 666 2364 qui
687 2277 863 2343 nonnullos
887 2277 1108 2362 apostolorum

93 2367 261 2429 eteorum
285 2365 341 2450 qui
364 2365 541 2430 Dominum
571 2365 733 2450 viderant,
760 2366 936 2452 magistros
959 2365 1109 2430 habuerit

93 2457 125 2518 et
142 2452 271 2518 viderit.
290 2521 292 2532 s
308 2451 372 2519 Hie
391 2451 526 2539 propter
540 2455 699 2539 quasdam
717 2455 756 2520 de
780 2454 833 2520 die
851 2453 993 2541 paschae
1012 2459 1108 2540 qute-

93 2541 217 2607 stiones
248 2535 308 2607 sub
335 2539 531 2626 imperatore
567 2542 735 2609 Antonino
768 2542 841 2629 Pio,
878 2544 1046 2610 ecelesiam
1074 2543 1109 2607 in

93 2629 172 2694 urbe
190 2632 326 2714 regente
344 2630 493 2716 Anieeto,
510 2631 650 2696 Romam
668 2632 767 2717 venit,
784 2631 842 2696 ubi
859 2631 1017 2716 plurimos
1041 2653 1107 2696 ore·
1127 2643 1161 2692 25

93 2717 239 2782 dentium
263 2717 441 2784 Marcionis
473 2723 506 2784 et
527 2719 697 2785 Valentini
719 2721 930 2805 persuasione
954 2721 1106 2804 deceptos

90 2805 221 2871 reduxit
247 2807 289 2872 ad
315 2807 421 2872 fidem.
467 2805 611 2893 Cumque
640 2809 670 2872 ei
697 2807 832 2874 fortuito
856 2808 970 2874 obvius
992 2806 1108 2872 suisset

90 2893 240 2960 Marcion
259 2899 292 2960 et
310 2894 443 2961 diceret:
461 2894 630 2982 ‘cognosce
648 2895 721 2961 nos'
735 2896 913 2981 respondit:
934 2896 1107 2982 ‘cognosco

91 2983 349 3069 primogenitum
377 2983 521 3050 diaboli'.
566 2983 686 3050 Postea
708 3005 785 3050 vero
815 2989 974 3071 regnante
997 2983 1107 3054 Murco

91 3071 265 3138 Antonino
298 3075 332 3136 et
361 3071 461 3138 Lucio
493 3072 627 3138 Aurelio
657 3070 852 3159 Commodo,
886 3077 1003 3160 quarta
1034 3077 1110 3159 post
1127 3087 1164 3136 3ο

164 3271 178 3318 1
200 3279 256 3319 esee
269 3263 350 3320 deest
363 3265 393 3318 in
407 3265 471 3321 Vst
541 3271 558 3320 3
574 3265 692 3320 ‘meum'
708 3265 787 3322 deest
800 3265 830 3321 in
843 3265 907 3323 Vat.
981 3271 998 3318 4
1012 3263 1109 3319 Bamb.

91 3337 120 3390 et
138 3334 268 3390 Norimb.
287 3334 408 3390 addente
428 3352 481 3407 ego
494 3353 540 3392 me
553 3336 681 3406 ingeram
736 3343 769 3392 17
783 3336 862 3391 Vatz
881 3333 1040 3404 cymiteri03
1059 3333 1109 3388 ah:

91 3405 263 3462 coemeterio
346 3411 381 3461 20
399 3407 435 3462 al.
457 3407 626 3478 ‘episeopus'
647 3423 704 3464 nou
722 3408 829 3463 habent
905 3411 939 3459 23
959 3405 1008 3459 ah:
1028 3420 1112 3474 super

91 3475 150 3546 die;
168 3475 249 3533 Vat.:
268 3475 327 3531 diei
398 3483 432 3534 2⁷
452 3477 502 3533 ιιι
521 3469 635 3534 obviam
