2552 4048
488 305 530 316 -
580 269 640 334 101
690 305 728 318 --

457 448 538 541 Gap.
566 447 760 522 LXXIII.

19 643 21 678 3
185 585 388 668 Timotheus,
424 585 585 652 exstincto
623 587 664 652 ab
697 587 928 652 Alexandrinis
965 587 1113 653 Proterio

19 685 20 772 3
97 675 266 760 episcopo,
297 674 517 740 tumultuante
555 674 660 740 adhuc
697 675 791 759 plebe
832 679 889 740 aut
921 675 1025 741 voluit
1057 680 1114 740 ant

19 777 21 844 3
97 785 212 848 passus
237 766 345 830 estre
369 763 409 828 ab
432 785 498 829 uno
518 764 670 848 episcopo
693 766 729 830 in
750 765 857 830 locum
877 765 974 830 occisi
993 765 1115 849 episco-

19 853 21 936 ᾗ
97 873 174 936 pum
197 852 278 918 fieri.
314 851 360 916 Et
381 874 423 916 ne
446 857 560 918 contra
581 854 688 939 legem
710 853 816 919 factus
839 854 955 918 merito
975 853 1113 918 abicere·
1150 870 1168 932 c

97 946 149 1005 tur
172 963 193 1006 a
216 941 323 1026 gratia
344 941 464 1026 plebis,
488 963 569 1026 quae
584 941 767 1007 Proterium
790 964 923 1008 exosum
946 943 1114 1024 habuerat,

19 1025 21 1106 ξ
98 1050 221 1110 omnes,
247 1030 364 1114 quibus
387 1029 443 1094 ille
467 1032 775 1115 communicaverat,
804 1029 1020 1097 Nestorianos
1044 1053 1114 1096 esse

97 1119 335 1204 pronuntiavit,
362 1121 395 1183 et
422 1119 582 1185 maculam
611 1121 827 1186 conscientiae
850 1121 1035 1186 temeritate
1059 1120 1114 1184 ab·

19 1203 20 1294 3
99 1207 250 1274 luendam
272 1229 482 1293 praesumens
506 1209 635 1294 scripsit
656 1208 698 1274 ad
720 1207 862 1276 Leonem
886 1210 1115 1293 imperatorem

19 1297 20 1356 ζ
97 1297 243 1361 libellum
270 1296 363 1362 valde
386 1297 582 1380 suasorium,
610 1320 706 1382 quem
729 1320 830 1382 pravo
859 1319 956 1362 sensu
979 1298 1114 1363 Petrum
1135 1315 1168 1364 10

97 1385 293 1450 testimoniis
316 1385 502 1450 intantum
525 1386 678 1451 roborare
698 1391 833 1452 conatus
853 1391 916 1470 est,
939 1391 976 1450 ut
999 1386 1040 1450 ad
1063 1385 1114 1450 de-

98 1473 280 1558 cipiendum
298 1474 528 1558 imperatorem
547 1477 580 1538 et
594 1496 687 1539 suam
700 1473 840 1540 heresim
855 1474 1115 1540 constituendam

98 1583 198 1646 paene
222 1561 378 1646 Leonem,
400 1562 490 1626 urbis
513 1560 637 1628 Rornae
663 1564 858 1648 pontificem,
883 1567 916 1628 et
939 1561 1115 1629 Chalcedo-

98 1671 232 1716 nensem
256 1651 416 1734 synodum
439 1671 476 1715 ac
498 1653 587 1717 totos
612 1651 827 1718 occidentales
852 1653 1021 1736 episcopos
1044 1652 1114 1716 illo

19 1789 20 1796 κ
98 1761 169 1804 rum
199 1739 395 1804 adminiculo
417 1737 631 1805 Nestorianos
660 1741 853 1806 ostenderet.
900 1740 962 1806 Sed
984 1741 1168 1806 faventem

97 1827 165 1894 Deo
191 1851 211 1892 a
235 1825 490 1893 chalcedonensi
514 1828 651 1892 concilio
675 1829 779 1894 hostis
803 1828 956 1894 ecclesiae
979 1849 1113 1912 coargu-

97 1921 148 1982 tus
180 1921 215 1982 et
244 1905 430 1982 confutatus
460 1918 519 1982 est
564 1915 681 1993 Viwre
712 1916 816 1982 adhuc
843 1917 879 1981 in
907 1917 1019 1982 exsilio
1048 1917 1115 1981 iam
1214 1944 1216 1948 ·

19 2017 21 2112 3
98 2005 319 2070 heresiarches
343 2005 462 2070 dicitur
484 2008 517 2069 et
538 2004 685 2070 habetur.

452 2203 540 2295 Gap.
568 2203 755 2276 LXXIV.

186 2340 359 2424 Asclepius
392 2339 485 2426 Afer,
516 2343 552 2405 in
583 2340 716 2407 Baiensi
748 2342 911 2406 territorio
950 2342 1013 2408 vici
1049 2364 1114 2408 non
1134 2361 1170 2411 20

19 2505 20 2510 3
99 2429 233 2515 grandis
256 2429 441 2514 episcopus,
465 2431 596 2514 scripsit
614 2431 783 2496 adversum
802 2431 944 2497 Arianos
967 2437 1000 2496 et
1019 2431 1114 2497 modo

98 2519 270 2587 adversum
288 2517 480 2584 Donatistas
505 2519 643 2584 scribere
667 2519 792 2585 dicitur.
828 2519 869 2585 In
892 2520 1036 2586 docendo
1061 2543 1115 2585 au·

97 2611 163 2672 tem
188 2629 228 2672 ex
249 2611 395 2691 tempore
419 2607 535 2692 grandi
559 2608 713 2692 opinione
736 2610 926 2674 celebratur.

475 2807 557 2898 Cap.
586 2805 747 2877 LXXV.

19 3001 20 3022 3
187 2943 315 3030 Petrus,
337 2945 521 3010 Edessenae
545 2943 697 3010 ecclesiae
715 2943 895 3028 presbyter,
919 2944 1115 3011 declamator
1134 2961 1168 3011 25

19 3117 20 3120 ,
98 3032 236 3118 insignis
267 3033 431 3098 variarum
464 3054 635 3098 causarum
666 3035 824 3098 tractatus
859 3037 892 3098 et
923 3034 958 3098 in
991 3056 1114 3099 morem

19 3143 20 3150 ¹
99 3122 203 3186 sancti
224 3119 370 3205 Ephrem
393 3121 521 3188 diaconi
543 3121 688 3206 psalmos
711 3123 814 3186 metro
839 3123 1030 3209 composuit.

170 3319 185 3367 7
206 3311 303 3367 Rern:
322 3329 392 3384 quos
465 3319 498 3368 10
517 3313 631 3370 Bamb.:
650 3314 745 3385 pravis
818 3319 852 3368 14
870 3314 921 3370 al:
941 3313 1061 3368 aliorum

102 3381 132 3436 16
151 3383 247 3440 Benna
267 3385 430 3456 coarguitur
448 3387 478 3440 et
496 3386 657 3440 confutatur
761 3391 793 3441 18
812 3383 907 3438 Bern:
926 3384 1025 3439 haberi

101 3459 133 3508 20
151 3453 263 3510 Bamb.=
282 3455 312 3509 in
330 3455 477 3538 navigensi
494 3455 637 3512 territorio
656 3455 742 3512 vicini
760 3455 887 3525 granum
907 3455 1002 3510 Bern.=
1022 3455 1052 3508 in
1066 3472 1113 3511 va·

102 3524 178 3595 gensi
195 3525 337 3581 territorio
356 3526 465 3582 viomae
484 3527 599 3596 grandis
