2552 4048
576 291 614 302 -
665 237 728 319 ιιι
777 293 815 302 -

187 398 329 464 rectione
352 398 385 460 et
403 396 441 460 da
461 395 661 480 specialitate
680 396 749 462 eius
772 397 809 461 in
826 394 888 461 hac
911 396 978 461 vita
1000 396 1146 462 fidelium
1172 401 1207 462 et

188 485 334 573 generali
362 485 506 550 omnium
533 484 703 550 hominum
728 485 829 550 libros
852 483 947 572 VIII,
976 505 1114 569 quorum
1137 487 1205 570 pri·

188 597 260 640 mus
283 574 442 658 continet,
469 573 547 660 quid
574 573 618 638 sit
646 574 754 639 anima
780 574 832 639 vel
860 573 1000 660 qualiter
1021 573 1064 638 ad
1087 574 1206 660 imagi-

187 686 264 729 nem
286 662 349 728 Dei
372 663 521 727 credatur
543 661 645 748 facta,
673 663 845 747 secundus,
867 665 976 727 utrum
1001 663 1110 728 anima
1133 685 1206 728 cor·

154 775 289 838 sporea
316 773 360 817 au
386 752 576 836 incorporea
604 751 721 816 debeat
752 751 850 836 credi,
882 751 1010 834 tertius,
1043 751 1128 816 unde
1162 752 1207 817 sit

191 843 300 907 anima
329 840 426 926 primi
457 840 599 905 hominis
626 839 731 924 iacta,
767 843 916 925 quartus,
947 843 1057 906 utrum
1086 841 1206 925 anima,

191 953 273 1017 quae
304 929 469 995 nascituro
503 929 632 1014 corpori
654 927 925 994 infundendat
875 931 939 1008 est,
971 949 1058 994 nova
1084 929 1143 994 fiat
1171 935 1206 996 et

191 1021 260 1085 sine
283 1021 430 1103 peccato,
459 1039 501 1082 an
530 1039 569 1082 ex
596 1018 782 1083 substantia
808 1017 906 1102 primi
931 978 1089 1102 bominis,
1116 1018 1206 1105 velut

190 1127 337 1192 propago
365 1107 405 1172 da
433 1106 540 1171 radice
566 1106 725 1191 producta
751 1107 851 1172 etiam
878 1110 1049 1259 pecpetum
1075 1106 1203 1190 primae

138 1221 172 1270 10
191 1196 319 1261 animae
344 1217 453 1260 secum
484 1195 686 1280 originaliter
708 1194 831 1281 trahat3
856 1195 986 1279 quintus
1008 1195 1205 1280 recapitula

192 1285 316 1351 tionem
339 1282 416 1348 libri
439 1283 546 1368 quarti
569 1283 815 1369 disputationis,
839 1287 872 1348 et
895 1305 977 1369 quae
1000 1283 1043 1348 sit
1064 1283 1206 1350 facultas

193 1373 333 1457 animae,
360 1371 393 1436 id
421 1374 484 1455 est,
511 1372 726 1456 possibilitas,
754 1376 788 1436 et
810 1372 897 1458 quod
921 1393 992 1438 eam
1021 1393 1060 1436 ex
1082 1394 1149 1436 una
1174 1376 1208 1436 et

194 1463 321 1528 sincera
338 1461 507 1526 voluntate
526 1460 685 1546 obtineat,
709 1464 833 1541 sextus,
852 1461 937 1526 unde
957 1460 1001 1525 sit
1017 1461 1109 1526 iuxta
1128 1483 1206 1546 apo-

193 1550 271 1615 stoli
290 1550 411 1615 dictum
432 1549 612 1614 adversitas
631 1550 738 1614 carnis
762 1554 796 1616 et
814 1549 962 1634 spiritus3
985 1549 1142 1633 septimus
1166 1550 1207 1614 de

139 1662 171 1711 15
191 1638 372 1702 differentia
390 1638 543 1720 vitarum,
566 1639 735 1722 mortium,
757 1639 1028 1704 resurrectionum
1047 1638 1154 1704 carnis
1173 1642 1207 1703 et

191 1726 333 1810 animae3
362 1728 495 1791 octavus
518 1726 557 1790 de
579 1725 648 1810 his,
676 1748 759 1812 quae
787 1728 847 1792 sub
870 1728 935 1792 fine
958 1726 1071 1792 mundi
1094 1726 1146 1792 fut
1131 1731 1207 1792 tura

190 1815 376 1900 praedicata
405 1818 494 1898 sunt,
529 1777 751 1882 absolutiones
780 1816 1022 1901 quaestionum,
1053 1837 1148 1901 quae
1166 1815 1207 1880 de

191 1904 424 1970 resurrectione
447 1903 586 1988 proponi
609 1905 724 1970 solent
761 1903 896 1970 Memini
914 1905 1030 1991 legisse
1054 1925 1107 1969 me
1127 1905 1207 1969 olim

192 1993 260 2058 eius
289 1993 390 2058 dotat
392 2014 447 2056 um
475 1993 516 2057 ad
540 1993 713 2078 quendam,
736 1993 867 2060 nomine
891 1991 1132 2078 Principium',
1155 1992 1268 2058 de

140 2104 174 2152 ιο
193 2084 358 2146 contemtu
380 2081 494 2145 mundi
517 2102 554 2146 ac
572 2103 679 2146 rerum
697 2081 959 2148 transitruarum'
978 2044 1208 2166 hortatorium,

193 2172 226 2234 et
249 2170 349 2234 alium
373 2167 423 2234 de
447 2169 536 2234 vitiis
560 2174 593 2234 et
610 2170 714 2236 virtut
700 2169 798 2236 tibus'
821 2171 942 2256 praetit
927 2170 1078 2237 tulatum
1124 2169 1208 2236 Scri-

192 2258 296 2343 psisse
320 2258 437 2324 dicitur
459 2258 576 2324 atalia
599 2262 632 2322 et
651 2258 755 2325 adhuc
774 2259 921 2344 scribere,
940 2281 1022 2344 quae
1041 2259 1082 2325 ad
1101 2281 1208 2325 meam

192 2347 344 2413 notitiam
376 2369 444 2413 non
459 2280 640 2412 evenerunt.
691 2345 783 2413 Vivit
815 2369 916 2433 usque
947 2347 1043 2414 hodie
1076 2369 1208 2414 conver-

194 2435 319 2501 satione
342 2433 412 2500 Deo
436 2435 550 2520 digna,
574 2439 651 2521 apta
673 2436 876 2521 professione
900 2439 933 2502 et
955 2437 1066 2522 gradu.

138 2641 171 2692 au
573 2616 655 2708 Cup.
688 2617 828 2690 XCIX.

248 2752 353 2838 Ego
378 2751 581 2838 Gennadius,
608 2753 773 2820 Massiliae
795 2757 976 2840 presbyter,
999 2754 1116 2840 scripsi
1140 2753 1208 2820 ‘ad-

190 2864 321 2908 versum
344 2864 456 2907 omnes
484 2841 625 2908 hereses'
653 2844 755 2909 libros
778 2843 929 2923 VHLt
896 2846 929 2909 et
951 2843 1118 2909 adversus
1142 2841 1206 2908 Ne-

192 2930 341 2996 storium'
364 2931 466 2997 libros
489 2929 551 3016 VI,
576 2935 609 2996 et
632 2931 797 2998 adversus
820 2931 1001 3017 Eutychen’
1024 2932 1126 2998 libros
1150 2931 1265 3047 VI,l,

192 3022 225 3083 et
252 3016 421 3084 adversus
449 3019 633 3105 Pelagium’
662 3021 762 3087 libros
792 3025 874 3106 tres,
911 3024 944 3087 et
967 3020 1140 3086 tractatus
1168 2983 1265 3085 dil

138 3120 173 3170 30
192 3107 281 3172 mille
304 3107 425 3192 annis',
454 3106 505 3172 de
533 3108 732 3225 Apocalypsi
759 3110 848 3175 beati
875 3109 1048 3176 Iohannis'
1082 3113 1115 3175 et
1145 3109 1209 3175 hoc

192 3217 290 3280 opus,
313 3198 346 3260 et
369 3158 541 3281 epistulam
565 3196 615 3262 de
638 3198 700 3262 fide
723 3198 806 3264 mea'
830 3199 907 3264 misi
931 3198 972 3264 ad
994 3200 1071 3265 beat
1071 3221 1128 3264 um
1146 3197 1209 3264 Ge·
1263 3235 1264 3280 ι

191 3285 326 3368 Iasium,
348 3284 440 3349 urbis
464 3284 587 3350 Romae
611 3287 806 3372 episcopum.

263 3429 279 3478 5
298 3423 439 3480 Norimb.:
458 3423 514 3478 dici
589 3430 621 3478 12
640 3423 736 3481 Rern:
755 3426 890 3498 singulari
