2552 4048
488 261 707 324 ..57„.

86 397 202 485 nopoli
235 400 438 484 porrexerat,
470 404 503 465 et
535 400 617 467 alius
638 402 703 466 1‘in
732 399 975 467 Constantium'
1010 423 1106 487 quem

87 487 329 572 postmortem
352 488 420 554 eius
446 489 589 576 scripsit,
619 493 652 554 et
673 491 756 556 liber
780 488 962 554 ‘adversum
985 489 1105 555 Valen-

86 585 152 645 tem
176 582 211 643 et
228 575 422 658 ursacium',
444 577 616 644 historiam
634 577 852 644 Ariminensis
871 581 905 642 et
924 575 1106 642 Seleucian-

42 697 46 706 ·
90 669 133 733 sis
165 665 284 752 synodi
312 665 495 752 continens,
527 669 560 731 et
588 665 646 731 ‘ad
672 667 872 752 praefectum
899 665 1105 731 Sallustium'

16 799 18 838 ,
91 757 158 822 sive
183 755 315 821 ‘contra
337 752 557 840 Dioscurum’,
585 759 618 820 et
640 755 739 821 ‘liber
761 756 958 840 hymnorum
982 758 1015 819 et
1037 777 1104 838 my·
1124 769 1140 817 5

91 841 285 910 steriorum'
309 843 391 922 alius
397 893 407 926 ,
439 846 472 908 et
495 843 737 909 ‘commentarii
763 844 799 908 in
820 841 1050 922 Matthaeum',
1073 847 1106 906 et

93 933 266 998 ‘tractatus
285 930 417 1014 inlob',
440 953 521 1016 quos
545 931 584 997 de
603 953 720 1018 graeco
735 930 886 1016 Origenis
910 930 951 994 ad
975 952 1105 996 sensum

92 1019 278 1104 transtulit,
297 1023 330 1084 et
348 1019 432 1085 alius
451 1020 583 1105 elegans
600 1021 730 1085 libellus
746 1019 870 1084 ‘contra
884 1019 1105 1102 Auxentium',

92 1115 124 1174 et
155 1107 336 1174 nonnullae
370 1107 412 1173 ad
445 1108 591 1174 diversos
624 1109 791 1194 epistulae.
840 1107 945 1173 Aiunt
973 1107 1104 1192 quidam

87 1197 257 1350 lscripsisse
280 1219 355 1300 eum
377 1197 429 1350 ἰιῂιῃ
440 1193 610 1262 Canticum
634 1195 856 1281 Oantioorum,
883 1196 939 1261 sed
962 1219 982 1261 a
1008 1195 1104 1261 nobis
1124 1212 1159 1260 10

109 1308 148 1352 oo
171 1308 254 1370 opus
277 1307 393 1371 rgnora
430 1307 455 1350 r.
670 1367 673 1373 Δ

175 1374 324 1440 Mortuus
363 1376 413 1440 est
449 1374 594 1440 Pictavis
625 1373 860 1440 Valentiniano
899 1377 932 1437 et
964 1372 1103 1438 Valente

87 1462 311 1549 regnantibus.

510 1554 592 1647 Cup.
625 1554 683 1626 01.

176 1691 380 1777 Victorinus,
402 1693 536 1758 natione
558 1691 653 1775 Afer,
676 1691 800 1756 Romae
825 1692 885 1756 sub
910 1690 1102 1756 Constantio
1123 1707 1156 1756 15

84 1779 230 1865 principe
258 1779 454 1846 rhetoricam
487 1781 597 1846 docuit
633 1784 666 1843 et
692 1780 728 1842 in
762 1784 907 1844 extrema
937 1782 1102 1844 senectute

87 1867 211 1935 Christi
240 1891 274 1936 se
302 1869 434 1954 uadens
457 1868 532 1933 fidei
556 1867 687 1950 scripsit
711 1865 881 1932 ‘adversus
908 1865 1039 1930 Arium'
1062 1866 1102 1928 li-

88 1958 164 2022 bros
189 1979 280 2022 more
303 1957 471 2024 dialectico
493 1955 587 2022 valde
609 1956 778 2038 obscuros,
801 1954 857 2038 qui
879 1955 943 2019 nisi
967 1954 1008 2018 ab
1032 1975 1101 2018 eru-

90 2046 166 2111 ditis
185 2069 254 2112 non
272 2046 508 2132 intelliguntur,
522 2047 555 2108 et
569 2043 818 2110 commentarios
834 2041 880 2108 ‘in
895 2041 1100 2127 apostolum'.

473 2208 581 2299 sap.
614 2206 695 2316 OlI·
1120 2226 1154 2274 ao

176 2346 284 2428 Titus,
312 2345 498 2412 Bostrensis
526 2345 709 2430 episcopus,
742 2344 802 2408 sub
829 2343 954 2409 Iuliano
989 2349 1022 2410 et
1049 2343 1099 2409 Io·

91 2435 186 2500 viano
208 2434 410 2518 principibus
433 2433 534 2499 fortes
556 2433 726 2499 adversum
740 2431 949 2498 Manichaeos
969 2433 1101 2517 scripsit

86 2522 185 2589 libros
208 2525 241 2588 et
262 2523 422 2588 nonnulla
445 2523 519 2587 alia.
562 2521 701 2587 Moritur
724 2521 784 2586 sub
808 2519 955 2588 Valente.

394 2697 404 2714 ·
486 2685 568 2776 cap.
601 2685 705 2756 0111.

177 2821 354 2907 Damasus,
380 2823 547 2888 Romanae
574 2823 664 2888 urbis
693 2823 878 2907 episcopus,
910 2822 1041 2907 elegans
1064 2823 1099 2888 in
1118 2842 1153 2892 25

90 2910 232 2975 uersibus
264 2910 497 2996 componendis
529 2911 693 2996 ingenium
725 2910 842 2976 habuit
868 2912 1033 2996 multaque
1067 2917 1100 2977 ct

16 2997 18 3040 t
91 2995 196 3063 brevia
220 3000 374 3083 opuscula
400 3000 531 3065 heroico
560 3003 663 3064 metro
697 2997 797 3064 edidit
825 3003 858 3064 et
887 3021 987 3084 prope
1011 3003 1098 3066 octo·

93 3088 239 3168 genarius
264 3089 324 3152 sub
347 3087 531 3153 Theodosio
555 3087 702 3172 principe
725 3091 872 3154 mortuus
896 3091 953 3154 est.

487 3250 569 3342 cap.
603 3249 697 3322 ων.

176 3385 412 3474 Apollinarius,
440 3387 639 3454 Laodicenus
670 3385 783 3473 Syriae
811 3389 982 3472 episcopus
1006 3390 1097 3470 patre
1116 3406 1152 3454 ao

157 3511 173 3558 3
193 3505 303 3563 Rama:
324 3507 448 3563 Seleucia
522 3513 556 3562 30
575 3509 686 3562 Bamb.:
706 3505 875 3576 Apollinaris
