2552 4048
506 255 723 318 -21-

109 410 264 476 exercitia
295 413 493 496 permaxime
529 411 719 499 agebantur.
773 412 1008 480 Constantinus
1044 438 1121 482 vero
1196 441 1199 446 ·

108 520 181 564 cum
206 499 280 564 aliis
304 505 337 565 et
358 501 444 566 inter
466 503 549 566 alios
572 501 775 567 hastiludens
802 504 984 587 praevaluit
1007 506 1122 570 ceteris

107 589 259 654 omnibus
287 588 349 654 hoo
375 589 451 655 ludo
479 591 527 655 ita
555 593 592 654 ut
618 591 740 656 multos
774 613 882 656 secum
914 593 1061 658 ludentes
1090 598 1123 658 et

41 706 45 716 ’
107 676 175 742 fere
204 697 315 743 omnes
343 679 455 744 ludum
472 680 589 763 'ipsum
617 700 723 744 seeum
756 679 796 743 ad
829 681 960 764 aliquod
992 685 1122 765 tempus

6 779 7 788 ³
81 783 94 824 s
108 766 336 831 continuantes
351 767 392 831 ad
409 770 530 832 terram
548 771 770 851 prosterneret
783 772 816 832 et
835 769 921 854 quod
938 769 1005 834 iam
1023 791 1123 853 quare

107 876 174 918 non
196 855 422 919 inveniebatur
441 856 558 940 aliquis
578 857 633 940 qui
652 878 760 922 secum
782 857 893 921 ludere
912 880 1008 922 ausus
1029 861 1124 942 esset,

108 946 141 1007 et
164 942 199 1006 in
226 946 353 1008 tantum
376 943 466 1008 ultra
489 966 601 1010 omnes
624 945 793 1030 praefecit,
816 947 863 1010 ita
886 950 924 1010 ut
945 946 1124 1031 imperator

108 1051 181 1096 cum
208 1034 280 1096 toto
306 1034 420 1096 senatu
447 1053 485 1097 ao
511 1033 673 1097 universis
697 1034 764 1098 suis
790 1034 932 1098 tribunis
956 1038 990 1098 et
1012 1035 1123 1098 militi·

107 1118 168 1184 bus
193 1119 284 1183 de
256 1142 324 1184 erus
349 1121 543 1186 strenuitate
562 1121 764 1188 mirarentur
798 1121 876 1187 Istis
895 1123 1005 1206 itaque
1023 1123 1124 1188 hasti·

68 1227 94 1266 10
108 1208 207 1274 ludiis
232 1210 265 1272 et
287 1209 522 1274 torneamentis
546 1209 586 1274 ad
614 1209 740 1294 aliquos
769 1211 836 1276 dies
861 1211 1058 1276 continuatis
1087 1233 1125 1276 ac

108 1293 324 1362 Constantino
356 1297 462 1382 magis
495 1319 533 1362 ao
564 1299 670 1382 magis
704 1300 913 1382 praevalente
945 1299 1125 1383 imperator

107 1385 248 1469 coepit
238 1385 401 1469 mquirere
425 1386 575 1471 quisnam
597 1389 690 1452 esset.
727 1387 851 1452 Milites
871 1391 981 1452 autem
1004 1391 1037 1452 et
1055 1387 1125 1451 uni·

107 1474 193 1539 versi
217 1474 273 1558 qui
296 1473 431 1539 aderant
448 1475 575 1538 nobiles
594 1474 831 1558 responderunt
853 1497 918 1540 uno
940 1497 995 1540 ore
1019 1475 1125 1540 dioen-

6 1619 7 1644 3
106 1566 168 1645 tes,
187 1560 271 1646 quod
286 1562 396 1626 nullus
410 1563 517 1647 ipsum
530 1566 679 1628 nosceret
692 1564 755 1628 nisi
770 1565 854 1648 quod
873 1565 980 1648 ipsum
995 1563 1124 1648 saepius

67 1666 93 1707 15
107 1651 267 1716 vidissent
284 1651 411 1716 ceteris
434 1652 468 1715 in
491 1652 553 1716 hoc
576 1652 652 1716 ludo
671 1656 704 1717 et
731 1653 1023 1725 aliismilitaribus
1048 1653 1125 1718 acti·

107 1739 168 1804 bus
192 1738 378 1804 ludentibus
402 1739 973 1824 incomparabiliterpraevalentem.

6 1891 7 1894 ,
196 1826 381 1910 Imperator
418 1831 527 1892 autern
561 1827 625 1892 hoc
656 1828 767 1893 audito
800 1827 1051 1893 Constantinum
1084 1827 1123 1892 ad
1135 1828 1177 1892 34

7 1921 8 1924 ’
108 1937 202 1980 suam
229 1917 339 1981 vocari
366 1916 463 1980 iussit
488 1917 707 2000 praesentiam
735 1919 769 1980 et
796 1917 956 2001 quaesivit
983 1917 1024 1981 ab
1051 1917 1124 2000 ipso

109 2005 181 2088 quis
209 2007 243 2068 et
270 2005 353 2069 unde
380 2007 473 2068 esset.
521 2004 585 2081 Qui
616 2004 784 2088 respondit
816 2005 936 2070 dicens:
973 2004 1124 2070 ‘Domine

6 2171 7 2174 Ἴ
68 2109 95 2148 20
109 2093 286 2177 imperator
313 2095 466 2176 pauperis
491 2115 562 2157 sum
589 2092 677 2156 filius
700 2093 851 2158 mulieris·
868 2093 1066 2158 stabulariae
1089 2093 1125 2158 in

6 2179 8 2294 l
107 2181 170 2248 hac
187 2182 267 2246 urbe
286 2180 540 2246 commorantis'.
572 2180 761 2266 Rursusque
781 2182 998 2267 interrogavit
1016 2183 1125 2266 ipsum

109 2270 181 2354 quis
197 2274 284 2334 esset
303 2273 398 2354 pater
411 2271 490 2335 eius.
521 2269 574 2335 Ad
589 2271 674 2354 quod
687 2270 806 2335 iterum
819 2270 988 2354 respondit
1002 2270 1124 2336 dicens:

109 2357 252 2423 ‘Patrem
272 2358 432 2442 quendam
454 2380 630 2442 pauperem
649 2359 755 2423 virum
778 2359 879 2422 habui
903 2359 958 2442 qui
976 2362 1124 2424 mortuus

100 2446 172 2511 ¹fuit
186 2451 361 2531 antequam
376 2468 437 2532 ego
456 2451 553 2511 natus
573 2445 698 2512 essem'.
730 2446 912 2532 Imperator
927 2452 1037 2513 autem
1054 2469 1123 2512 rem

70 2549 96 2591 ²⁵
109 2534 229 2600 tacitus
244 2535 450 2600 considerans
466 2535 674 2618 subsequenti
693 2534 833 2617 quadam
852 2536 913 2620 die,
931 2557 1004 2601 oum
1017 2536 1124 2620 ipsum

109 2623 194 2688 inter
227 2623 310 2688 alios
342 2623 430 2686 milit
415 2625 465 2686 tes
497 2622 573 2686 hast
573 2622 699 2686 iludent
684 2625 734 2686 tes
768 2645 805 2688 ao
833 2623 941 2707 ipsum
968 2625 1008 2688 iis
1035 2643 1125 2714 prae·

108 2712 272 2777 valentem
300 2711 383 2776 siout
414 2711 504 2812 prius
532 2711 765 2794 conspexisset,
737 2710 934 2776 teundem
964 2703 1125 2776 Constan-

6 2771 7 2838 l
108 2801 215 2864 tinum
239 2800 280 2866 ad
303 2821 338 2864 se
365 2799 474 2864 vocari
502 2799 598 2864 iussit
621 2801 654 2862 t
676 2799 796 2863 rterum
821 2799 893 2884 quis
919 2804 1005 2864 esset
1028 2799 1125 2864 inter-

108 2889 247 2973 rogavit.
280 2887 342 2964 Qui
357 2888 486 2972 quidem
501 2885 670 2953 Constant
644 2890 733 2952 tmus
750 2886 918 2970 respondit
932 2887 1016 2952 sicut
1033 2888 1124 2970 prius

72 2991 97 3032 ιο
110 2975 234 3042 fecerat
251 2977 375 3042 dicens:
399 2975 549 3041 ‘Domine
567 2976 752 3060 imperator,
773 2975 927 3059 pauperis
946 2997 1018 3040 sum
1037 2975 1123 3040 filius

6 3111 8 3150 ι
110 3065 267 3149 mulieris,
286 3087 398 3130 servus
417 3063 545 3130 vester'.
577 3063 759 3148 Imperator
774 3068 884 3129 autem
898 3085 967 3130 rem
986 3065 1035 3128 ita
1054 3087 1124 3130 esse

111 3154 195 3219 sicut
219 3153 384 3218 asserebat
406 3175 611 3239 nequaquam
635 3153 811 3218 aestimans
833 3151 914 3216 dixit
938 3153 1014 3218 sibi:
1048 3152 1123 3217 ‘Pro

110 3246 197 3306 certo
222 3242 304 3308 scire
327 3242 476 3306 volumus
499 3241 595 3306 huius
614 3241 660 3304 rei
679 3241 852 3306 veritatem
875 3245 908 3305 et
930 3242 995 3306 nisi
1017 3241 1124 3324 ipsam

109 3329 315 3414 patefeceris,
336 3351 477 3413 poenam
495 3351 561 3394 non
585 3328 722 3396 evades'.
759 3327 990 3396 Constantinus
1015 3333 1124 3394 autem

171 3473 215 3597 titt)
235 3469 400 3524 continuans
418 3469 495 3527 codd.
515 3467 665 3524 continetis
679 3469 793 3525 corraei.
868 3473 902 3522 30
922 3466 1035 3522 domine
1049 3468 1081 3523 iu
1094 3468 1124 3521 D

109 3555 170 3610 repe
182 3557 193 3594 c
205 3555 247 3594 ur.
