2546 4036
480 314 701 378 ..47-

76 430 153 515 ¹tornr
170 449 227 515 *de
250 449 395 568 pascha',
411 449 471 516 ‘do
492 453 656 537 sabbato',
680 453 732 518 ‘de
754 454 1021 536 circumcisione'‚
1042 456 1097 521 ‘de

81 539 271 623 sacerdote,
294 538 345 604 ‘de
368 539 594 625 ordinatione’,
617 541 668 606 ‘de
691 542 772 607 cibis
795 542 953 626 iudaicis',
977 543 1027 609 ‘de
1049 546 1096 610 in·

47 699 53 710 ,
84 627 228 710 stantia’,
251 626 307 692 ‘de
330 624 470 711 Attalo',
493 630 660 716 multaque
687 630 767 716 alia,
795 636 828 696 st
851 630 901 695 ‘de
924 631 1095 697 'lhinitate'

82 716 205 800 grande
228 715 393 800 volumen,
416 718 510 803 quasi
523 714 692 804 ¹Anemurio
711 720 823 804 operis
837 719 1028 784 Tertulliani
1048 721 1095 786 fa·

82 803 186 890 ciens,
209 804 296 890 qnod
319 804 451 889 plurimi
473 807 655 872 nescientes
679 805 835 893 Cypriani
858 807 1042 874 aestimant.

462 1005 544 1096 cap.
574 1005 721 1076 arxi.

171 1139 347 1225 Malchion,
362 1141 593 1230 disertissimus
603 1143 826 1210 Antiochense
841 1146 1094 1231 ecclesias-pres-

74 1229 187 1312 byter,
207 1229 333 1315 quippe:
349 1229 405 1315 qui
427 1230 462 1296 in
484 1231 596 1296 eadem
619 1233 699 1298 urbe
717 1232 915 1300 rhetoricam
934 1234 1094 1300 florentis·

79 1317 175 1382 sime¹
190 1318 356 1403 docuerat,
387 1318 540 1384 adversus
567 1319 705 1386 Paulum
733 1320 995 1404 Samosatam,
1028 1325 1092 1407 qui,

79 1405 305 1474 Antiochense
324 1406 678 1494 ecclosiasepiseopus,
697 1411 817 1495 dogma
830 1409 1019 1476 Artemonis
1041 1412 1089 1476 in-
1110 1428 1144 1477 10

79 1497 256 1577 staurarat,
277 1495 513 1580 excipientibus
535 1499 673 1562 notariis
696 1498 889 1582 disputavit,
911 1499 967 1584 qui
989 1499 1089 1570 ciclo

78 1603 138 1667 gns
161 1605 264 1667 usque
286 1583 383 1650 hodie
405 1588 521 1650 exstat
558 1583 621 1652 Sed
643 1589 677 1650 et
698 1587 766 1651 alia
786 1587 918 1672 grandis
941 1587 1091 1672 epistula,

78 1692 116 1734 ex
149 1693 292 1755 persona
324 1673 441 1755 synodi
472 1673 514 1738 ab
546 1696 584 1740 eo
612 1675 745 1760 scripta,
774 1676 814 1740 ad
838 1675 1031 1761 Dionysium
1059 1680 1093 1741 et

78 1758 267 1845 Maximum,
276 1759 444 1826 Romanae
459 1765 492 1826 et
501 1762 738 1828 Alexandrinae
753 1764 906 1829 ecclesiae
921 1765 1090 1849 episcopos

78 1848 237 1935 dirigitur.
282 1847 411 1915 Floruit
433 1849 495 1914 sub
519 1847 655 1916 Claudio
678 1855 711 1915 et
734 1851 922 1917 Aureliano.
1111 1868 1144 1917 15

446 2047 529 2138 cap.
557 2045 727 2120 axam

146 2183 359 2269 Archelaus,
378 2185 548 2270 episcopus
562 2184 831 2270 Mesopotamiae,
846 2186 968 2250 librum
986 2187 1091 2271 dispu-

76 2273 212 2338 tationis
237 2293 327 2357 suae,
351 2294 448 2357 quam
470 2273 587 2338 habuit
604 2275 774 2340 adversum
788 2273 1014 2340 Manichaeum
1027 2285 1089 2340 ‘ox-

76 2363 208 2427 euntem
223 2360 262 2426 de
275 2360 421 2446 Perside,
436 2381 512 2448 syro
532 2384 681 2428 sermone
700 2363 897 2449 composuit,
911 2364 966 2448 qui
984 2368 1090 2428 trans·

71 2451 164 2516 latus
188 2451 225 2514 in
249 2471 400 2536 graecum
422 2451 561 2517 hahetur
584 2474 604 2516 a
626 2453 748 2517 multis.
1109 2469 1144 2518 20

164 2537 295 2604 Olaruit
318 2539 378 2604 sub
396 2539 592 2624 imperatore
610 2539 735 2625 Probo,
757 2539 1008 2640 quiNAureliano
1027 2541 1089 2606 Ta·

75 2628 205 2713 citoque
217 2632 436 2692 successerat.

397 2841 399 2846 -
432 2807 515 2900 cap.
543 2808 736 2880 Lxxffl

162 2945 338 3010 Anatolius
361 2945 615 3030 Alexandrinus,
637 2945 816 3011 Laodiceae
829 2943 943 3030 Syriae
967 2945 1088 3031 cpisco·
1126 3027 1129 3034 Δ

6 3107 7 3110 ¹
71 3056 152 3118 pus,
175 3033 238 3116 sub
260 3032 369 3100 Probo
399 3038 432 3099 et
456 3035 538 3101 Caro
561 3034 812 3117 imperatoribus
835 3033 958 3120 floruit,
986 3035 1088 3100 mirae
1107 3069 1142 3119 25

72 3121 243 3188 doctrinae
271 3122 320 3188 uir
350 3122 385 3186 in
408 3123 625 3206 arithmetica,
657 3123 852 3209 geometria,
880 3124 1089 3208 astronomia,

73 3209 301 3294 grammatica,
314 3210 485 3296 rhetorica,
499 3212 675 3277 dialectica.
703 3209 803 3278 Cuius
822 3212 947 3298 ingenii
965 3212 1089 3296 magni-

73 3300 224 3364 tudinem
247 3298 287 3365 de
309 3299 474 3365 volumine
504 3301 590 3386 quod
613 3299 722 3385 ‘super
742 3299 875 3384 pascha'
898 3299 1090 3384 composuit,

146 3497 163 3544 2
182 3490 282 3547 Bamb.
303 3493 332 3546 et
348 3491 488 3548 Norimb.:
508 3492 542 3546 ds
561 3491 688 3547 oratione
787 3497 803 3546 9
822 3491 899 3546 Vct:
917 3487 1089 3544 rhetoricam

70 3561 225 3616 edocuerat
311 3567 346 3616 20
363 3561 441 3617 Vah:
460 3563 490 3617 in
508 3579 641 3633 graecum
659 3562 689 3616 in
708 3562 805 3616 multis
