2546 4036
455 273 671 336 ..11-

50 411 186 478 Domini
204 409 299 476 XXV
317 433 412 491 anno,
430 411 537 496 idest,
556 412 695 478 secundo
708 410 849 478 Neronis
869 434 907 479 eo
925 417 1071 497 tempore

49 523 111 584 quo
125 499 257 578 Festus,
270 503 461 586 procurator
474 499 623 584 Iudaeae,
638 500 794 566 successit
808 499 917 585 Felici,
931 501 1070 567 Romam

49 590 179 654 vinctus
200 589 343 654 mittitur
362 593 395 654 et
412 590 580 656 biennium
597 591 633 656 in
650 590 752 655 libera
770 609 905 656 manens
924 591 1071 656 custodia

50 677 223 744 adversum
237 677 375 744 Iudaeos
394 677 433 742 de
448 677 588 744 adventu
598 677 720 746 Christi
734 677 866 743 cottidie
882 677 1069 762 disputavit

51 764 226 832 Sciendum
246 770 354 832 autem
368 766 526 850 inprime
546 767 768 833 satisfactione
782 767 919 832 necdum
929 767 1068 834 Neronis
1106 783 1121 832 s

50 856 188 940 imperio
203 855 356 920 roborato
375 877 433 922 nec
449 855 484 920 in
498 859 593 922 tante
607 859 793 940 erumpente
808 856 928 920 scelera
947 861 1070 940 quanta

51 944 88 1008 de
111 965 153 1010 eo
175 948 313 1008 narrant
333 944 504 1027 historiae,
533 944 670 1010 Paulum
694 967 714 1010 a
736 942 868 1010 Nerone
891 943 1070 1028 dimissum,

50 1036 86 1096 ut
113 1033 321 1118 evangelium
349 1030 472 1098 Christi
498 1033 533 1098 in
556 1031 739 1098 Occidentis
766 1053 893 1118 quoque
919 1034 1069 1117 partibus

49 1120 304 1206 praedicaretur,
332 1121 416 1186 sicut
442 1121 513 1205 ipse
537 1122 651 1188 scribit
676 1121 712 1186 in
734 1120 875 1186 secunde
898 1122 938 1187 ad
961 1122 1068 1190 Timo·

50 1210 162 1274 thenm
192 1231 230 1274 eo
254 1214 402 1294 tempore
430 1232 495 1294 qno
523 1213 556 1274 et
577 1233 692 1294 passus
716 1213 779 1294 est,
808 1211 902 1276 etde
929 1211 1067 1277 vinculis
1090 1229 1122 1276 10

49 1298 154 1362 dictat
181 1298 370 1382 epistulam:
405 1297 460 1364 ‘ln
491 1300 597 1383 prima
624 1321 696 1364 mea
719 1299 941 1365 satisfactione
972 1322 1069 1368 nemo

49 1387 129 1451 mihi
163 1387 283 1470 adfuit,
320 1388 376 1452 sed
408 1409 519 1455 omnes
552 1410 603 1453 me
636 1388 887 1472 dereliquerunc3
923 1409 990 1454 non
1022 1390 1068 1454 eis

50 1476 238 1559 imputetur.
279 1475 368 1541 Deus
388 1480 496 1540 autem
515 1477 595 1543 mihi
617 1477 722 1542 adfuit
740 1480 774 1542 et
792 1476 990 1543 confortavit
1008 1499 1069 1557 me,

50 1569 84 1627 ut
106 1586 166 1649 per
189 1586 241 1630 me
264 1564 463 1647 praedicatio
488 1567 703 1650 compleretur
726 1568 760 1630 et
783 1565 932 1632 audirent
955 1587 1068 1632 omnes

50 1657 174 1737 gentes,
197 1657 231 1717 et
248 1653 407 1719 liberatus
432 1676 503 1720 sum
523 1655 562 1718 de
581 1676 636 1719 ore
654 1651 779 1738 leonis',
802 1654 1068 1720 manifestissime
1089 1667 1122 1717 15

49 1743 176 1805 leonem
199 1745 332 1827 propter
355 1742 579 1808 crudelitatem
597 1741 762 1808 Neronem
785 1742 983 1826 significans.
1023 1743 1069 1808 n:

50 1830 82 1892 in
105 1829 331 1914 sequentibus:
356 1830 517 1897 ‘liberavit
540 1853 592 1896 me
610 1831 770 1896 Dominus
794 1831 835 1894 ab
859 1833 948 1895 omni
971 1853 1068 1914 opere

49 1919 136 1984 malo
161 1921 196 1982 et
214 1919 339 1984 salvum
361 1941 413 1984 mc
436 1919 515 1984 fecit
532 1919 568 1982 in
590 1939 693 2004 regno
716 1941 775 1983 suo
799 1917 958 2004 caelesti',
981 1920 1068 2004 qnod

49 2007 173 2074 scilicet
204 2029 357 2092 praesens
395 2008 458 2074 sibi
491 2007 626 2072 sentiret
665 2007 832 2072 imminere
865 2008 1066 2090 martyrium.

48 2093 134 2160 Nam
162 2096 199 2160 in
229 2095 342 2161 eadem
370 2097 509 2180 epistula
531 2096 756 2179 praemiserat:
785 2095 870 2180 ‘ego
892 2096 978 2160 enim
1000 2097 1066 2162 iam
1087 2109 1121 2184 20

48 2184 202 2250 immolor
224 2188 258 2250 et
280 2188 408 2268 tempus
435 2184 644 2251 resolutionis
668 2205 759 2249 meae
782 2183 906 2249 instat'
945 2183 991 2250 Et
1013 2185 1067 2251 hic

48 2292 125 2356 ergo
155 2276 272 2358 quarto
306 2273 429 2339 decimo
463 2295 548 2338 anno
581 2271 723 2338 Neronis
752 2272 865 2338 eodem
898 2271 965 2357 die,
1003 2295 1066 2359 qno

47 2360 174 2446 Petrus,
188 2360 311 2426 Romae
325 2385 384 2447 pro
401 2359 533 2428 Ohristo
548 2362 653 2446 capite
666 2365 845 2446 huncatur,
859 2362 1066 2446 sepultusque

48 2453 95 2514 est
109 2450 146 2514 in
160 2451 214 2515 via
228 2451 364 2515 ostiensi
379 2473 465 2516 anno
474 2455 550 2535 post
563 2451 750 2535 passionem
760 2449 893 2516 Domini
900 2449 1067 2518 XXXVII.

136 2536 275 2622 Scripsit
297 2543 406 2604 autem
428 2561 546 2606 novem
569 2540 609 2604 ad
628 2538 693 2605 VH
716 2541 866 2606 ecclesias
894 2540 1064 2624 epistulas:
1080 2559 1118 2608 25

48 2627 85 2690 ad
114 2625 285 2692 Romanos
313 2650 424 2712 unam,
454 2628 495 2693 ad
524 2627 710 2694 Corinthios
738 2629 832 2713 duas,
860 2628 901 2693 ad
929 2627 1063 2693 Galatas

47 2721 158 2800 unam,
182 2717 224 2781 ad
246 2715 409 2800 Ephesios
433 2739 545 2800 unam,
569 2717 609 2783 ad
631 2715 858 2802 Philippenses
882 2738 995 2800 unam,
1023 2718 1064 2782 ad

48 2801 257 2870 Colossenses
276 2827 385 2890 unam,
399 2806 446 2870 ad
463 2805 765 2871 Thessalonicenses
784 2805 877 2890 dnas3
896 2809 1064 2888 praeterea

48 2891 85 2956 ad
109 2891 288 2977 discipulos
313 2916 397 2977 suos,
421 2893 592 2960 Timotheo
616 2895 706 2978 duas,
728 2893 802 2958 Tito
826 2913 934 2976 unam,
957 2892 1064 2958 Phile·

114 3103 265 3158 tssamb.:
284 3102 450 3172 disputabat
525 3101 700 3158 eNorimb.=
724 3103 837 3174 scripsit
919 3101 1018 3161 Bamb.
1038 3106 1068 3159 et

47 3173 185 3229 Norimb.:
204 3173 236 3228 in
254 3190 308 3228 see.
327 3173 450 3244 epistula
468 3175 502 3230 cf.
518 3175 588 3230 Tim.
604 3181 629 3242 4,
646 3181 679 3230 16
736 3181 767 3229 11
788 3175 927 3230 Norimh.=
946 3173 1067 3229 dictavit

49 3251 80 3298 lo
92 3245 192 3301 Bamb.
212 3245 243 3299 et
256 3243 384 3300 Norimb.
398 3249 428 3300 ct
446 3245 540 3301 Rern:
560 3247 589 3300 et
607 3245 637 3300 in
656 3245 850 3316 sequentibus:
869 3245 1003 3300 liberavit
1020 3261 1066 3300 me

47 3315 117 3370 Deus
141 3317 177 3372 de
202 3331 251 3370 ore
274 3315 371 3372 leonis.
413 3317 450 3372 Et
472 3317 581 3372 statim:
608 3317 742 3372 liberavit
763 3333 808 3372 me
830 3317 907 3372 Deus
930 3315 966 3370 ab
989 3315 1066 3372 omni

47 3401 127 3454 opere
145 3387 225 3442 malo
249 3388 280 3442 et
301 3387 422 3442 salvavit
439 3388 470 3442 in
492 3405 610 3457 regnum
628 3406 708 3442 suum
727 3387 855 3443 caeleste.
892 3385 950 3440 Alii
967 3385 1067 3454 legunt

46 3474 94 3524 pro
102 3456 238 3514 liberavit
248 3459 278 3512 et
286 3457 561 3515 salvavit:liberatit
571 3461 599 3516 et
608 3459 727 3516 salvabit
736 3459 770 3514 cf.
780 3457 883 3527 Migne.
911 3453 1065 3511 efflamus

47 3530 160 3599 ostensi;
180 3528 264 3584 Vct:
282 3528 408 3584 hostensi
