2552 4048
459 284 496 294 ...
546 249 588 312 63
638 287 675 294 .-

430 423 512 519 cap.
544 427 706 500 cxxii.

142 561 376 646 Latronianus,
398 565 583 649 provinciae
605 564 794 650 Hispaniae,
816 565 866 631 vir
889 565 981 630 valde
1004 589 1076 640 eru-s

58 651 141 715 ditus
180 656 215 716 et
252 651 303 716 in·
322 653 456 718 metrico
495 674 591 737 opere
630 654 791 718 veteribus
829 654 1074 740 comparandus,

57 761 167 805 caesus
188 743 240 805 cst
254 743 288 804 et
300 740 371 823 ipse
384 741 532 806 Treveris
547 763 619 807 oum
633 741 848 827 Priscilliano,
866 741 1074 826 Felicissimo,

56 828 181 895 iuliano
219 831 253 893 et
285 827 476 914 Euchrotia,
514 829 657 896 eiusdem
693 830 845 896 factionis
879 833 1108 898 auctoribuso

57 917 198 983 Exstant
221 917 290 982 eius
314 939 412 1004 opera
435 918 569 984 diuersis
592 919 704 984 metris
728 919 822 984 edita.

416 1151 498 1244 cup.
531 1151 715 1224 oxma.

142 1287 340 1355 Tiberianus
363 1287 514 1356 Baeticus
539 1291 669 1374 scripsit
696 1311 755 1375 pro
779 1289 979 1376 suspicione,
1010 1312 1073 1375 qua

59 1398 128 1441 cum
151 1376 357 1444 Priscilliano
388 1380 600 1445 accusabatur
621 1378 786 1464 hereseos,
810 1379 1073 1464 ‘apologeticum’

57 1466 198 1530 tumenti
236 1466 479 1553 compositoque
519 1489 678 1533 sermone.
730 1465 793 1532 Sed
828 1469 904 1549 post
942 1488 1072 1532 suorum
1094 1484 1126 1531 10

57 1555 186 1618 caedem
220 1555 329 1621 taedio
363 1557 469 1622 victus
503 1556 620 1640 exilii,
636 1556 775 1621 mutavit
806 1555 1012 1639 propositum
1040 1561 1073 1621 ct

58 1642 145 1706 iuxta
170 1646 319 1708 sanctam
338 1645 532 1728 scripturam
555 1644 658 1710 ‘canis
680 1665 826 1710 reversus
851 1643 892 1707 ad
915 1645 1073 1710 vomitum

58 1731 161 1796 suum'
184 1731 302 1816 filiam,
331 1734 481 1799 devotam
504 1731 634 1798 Christo
662 1733 836 1816 virginem,
864 1733 1072 1798 matrimonio

59 1820 229 1903 copulavit.

334 2006 337 2012 ’
419 1983 501 2075 Oop.
534 1981 710 2054 CXXIV.
1092 2009 1123 2057 15

142 2118 350 2204 Ambrosius,
362 2120 616 2186 Mediolanensis
626 2120 806 2204 episcopus,
820 2117 970 2203 usquein
984 2141 1073 2203 prae·

60 2211 179 2274 sentem
190 2207 276 2272 diem
286 2209 412 2294 scribit,
425 2207 463 2274 de
474 2231 547 2294 quo,
557 2209 633 2295 quia
640 2211 795 2292 superest,
804 2229 911 2272 meum
919 2208 1073 2274 iudicium

61 2297 260 2380 subtraham,
286 2319 327 2360 ne
350 2297 386 2362 in
409 2299 599 2363 alterutram
626 2301 752 2382 partem
781 2299 839 2362 aut
872 2296 1015 2360 adulatio
1039 2296 1073 2359 in

63 2405 108 2449 me
130 2384 388 2470 reprehendatur
410 2389 467 2452 aut
488 2387 616 2452 veritas.

429 2620 511 2710 Oop.
544 2617 712 2692 CXXV..
1092 2655 1126 2703 20

142 2755 320 2842 Euagrius,
331 2755 523 2823 Antiochiae
538 2757 717 2841 episeopus,
732 2756 815 2822 aeris
830 2760 863 2820 et
876 2755 1073 2839 praestantis

60 2843 189 2929 ingenii,
209 2866 283 2910 cum
302 2845 407 2926 adhuc
426 2847 510 2910 esset
527 2844 706 2929 presbyter,
729 2844 929 2909 diversarum
948 2837 1073 2908 ὑποθέ-

59 2949 142 2998 σεων
168 2936 330 2999 tractatus
353 2933 435 2998 mihi
456 2933 546 3018 legit,
569 2953 651 3018 quos
674 2933 811 2998 necdum
834 2930 948 3016 edidit3
971 2931 1074 2997 vitam

59 3043 184 3106 quoque
209 3022 299 3086 beati
315 3021 453 3088 Antonii
476 3021 514 3086 de
533 3041 650 3106 graeco
668 3019 843 3086 Athanasii
864 3020 900 3086 in
923 3023 1073 3088 nostrum

57 3131 240 3176 sermonem
262 3110 439 3176 transtulit.
492 3176 494 3181 ,
1092 3133 1126 3182 25

124 3290 141 3339 3
165 3283 246 3340 Vct:
273 3283 368 3338 ordine
476 3281 590 3339 Nata
618 3282 767 3354 Eugrotia3
790 3283 903 3338 Bamb.:
926 3279 1071 3362 Eucrotia;

56 3353 194 3410 Norimb.=
209 3353 347 3424 Eutropia
420 3359 453 3408 12
468 3353 502 3408 cf.
517 3359 542 3408 2.
558 3354 632 3410 Petr.
652 3360 678 3418 2,
697 3360 730 3409 22
804 3359 837 3408 18
856 3353 966 3408 Bamb:
985 3350 1072 3429 liliam

57 3443 133 3480 suam
213 3424 325 3480 Bamb.:
344 3423 523 3480 matrimonio
541 3425 653 3479 sui...
673 3425 753 3480 Bern.
773 3427 803 3480 et
819 3423 959 3478 Norimb.=
978 3421 1073 3474 matri-

56 3496 148 3553 monio
167 3495 224 3552 sibi
244 3539 273 3552 ..
346 3502 378 3550 21
398 3495 496 3550 Bamb.
516 3496 546 3550 et
562 3495 703 3551 Notimb.:
722 3493 856 3549 ferientis
