2546 4036
581 285 619 295 ..
669 249 711 314 10
756 285 798 294 ..

180 389 274 473 titur,
301 411 369 455 non
396 391 541 474 sequitur
568 390 778 476 septuaginta
800 391 1033 458 translatorum
1056 389 1197 456 auctori-

179 480 294 563 tatem,
323 479 378 544 sed
401 478 595 545 hebraicam.
640 478 669 544 El
698 479 815 564 quibus
844 479 901 545 illa
930 479 993 544 duo
1021 482 1117 544 sunt:
1145 478 1196 546 ‘ex

179 568 465 724 rvhgffissgryocavi
479 567 599 633 Filium
617 566 746 651 meum',
764 572 807 651 et,
827 567 992 652 ‘quoniam
1006 566 1196 634 Nazaraeos

128 765 144 814 o
602 749 685 840 Ocp.
705 749 773 821 IV.

269 887 374 973 Iudas,
392 887 493 952 frater
506 885 627 966 Iacobi,
641 909 776 970 parvam
791 909 872 972 quae
887 887 926 952 de
941 889 1067 972 septem
1082 885 1195 951 catho-

179 975 251 1041 licis
275 980 325 1042 est
347 976 521 1061 epistulam
543 976 684 1061 reliquit.
727 975 772 1042 ldt
795 977 873 1062 quia
899 975 938 1040 de
962 975 1045 1040 libro
1070 973 1198 1058 Enoch,

181 1065 236 1148 qui
260 1065 466 1150 apocryphus
490 1068 548 1143 est,
572 1066 710 1130 assumit
732 1065 965 1144 testimonium,
989 1086 1008 1128 a
1031 1063 1197 1148 plerisque

180 1153 319 1218 reicitur.
369 1153 492 1218 Tamen
520 1155 747 1220 auctoritatem
775 1157 937 1219 vetustate
970 1153 1036 1217 iam
1070 1157 1104 1217 et
1136 1175 1197 1218 usu

129 1253 162 1303 10
181 1242 300 1306 meruit
323 1244 356 1306 et
377 1243 463 1306 inter
486 1245 615 1306 sanctas
639 1244 817 1328 scripturas
841 1244 1055 1326 computatur.

615 1423 697 1516 Cep.
725 1423 763 1495 V.

269 1560 389 1626 Paulus
404 1563 582 1646 apostolus,
601 1563 752 1646 quiante
772 1561 897 1645 Saulus,
916 1565 1007 1626 extra
1025 1581 1199 1626 numerum

181 1648 350 1714 duodecim
379 1650 599 1732 apostolorum
630 1651 669 1716 de
696 1651 784 1716 tribu
812 1651 983 1715 Beniamin
1010 1653 1043 1716 et
1076 1649 1198 1734 oppido

181 1735 325 1802 Judaeae
358 1736 496 1802 Giscalis
533 1739 609 1823 fuit,
646 1762 710 1824 quo
743 1762 763 1805 a
795 1739 951 1805 Romanis
989 1742 1085 1823 capto
1124 1759 1198 1803 cum

130 1837 162 1886 15
181 1827 371 1909 parentibus
387 1828 453 1892 suis
467 1827 603 1893 Tarsum
618 1825 750 1894 Ciliciae
768 1828 1003 1914 commigravit.
1034 1827 1066 1892 A
1079 1827 1198 1912 quibus

181 1915 224 1980 ob
243 1916 350 1980 studia
364 1916 446 2002 legis
465 1918 583 1982 missus
603 1917 864 2001 Hierosolymam
881 1938 901 1980 a
920 1916 1108 2000 Gamaliele,
1127 1917 1197 1981 viro

181 2004 383 2087 doctissimo,
411 2006 501 2072 euius
525 2005 630 2071 Lucas
653 2006 813 2088 meminit,
841 2005 985 2070 eruditus
1009 2007 1067 2070 est
1115 2003 1198 2070 Oum

181 2095 290 2156 autem
303 2091 506 2158 interfuisset
523 2096 594 2160 neci
613 2096 768 2179 martyris
788 2093 945 2178 Stephani
969 2097 1002 2158 et
1015 2093 1157 2177 acceptis
1178 2117 1197 2158 a

180 2181 334 2265 pontifice
344 2181 458 2266 templi
472 2184 620 2266 epistulis
633 2183 673 2248 ad
683 2183 920 2269 persequendos
931 2204 986 2248 eos
998 2182 1053 2266 qui
1064 2180 1195 2248 Christo

128 2279 162 2328 20
181 2269 385 2335 crediderant
402 2269 600 2336 Damascum
618 2276 776 2356 pergeret,
791 2271 987 2337 revelatione
1007 2272 1196 2354 compulsus

182 2357 223 2422 ad
236 2358 331 2423 fidem
342 2379 424 2442 quae
438 2359 473 2422 in
488 2359 568 2424 actis
583 2361 804 2444 apostolorum
820 2361 979 2444 scribitur,
993 2360 1028 2424 in
1042 2381 1101 2424 vas
1116 2361 1198 2425 elec

180 2447 280 2511 tionis
300 2447 338 2510 de
361 2452 566 2530 persecutore
587 2450 767 2514 translatus
791 2454 850 2515 est.
887 2447 1032 2534 Oumque
1054 2449 1197 2532 primum

181 2535 222 2600 ad
236 2535 507 2619 praedicationem
526 2537 595 2602 eius
609 2537 741 2624 Sergius
756 2537 883 2624 Paulus,
899 2537 1074 2622 proconsul
1088 2535 1198 2621 Cypri,

181 2623 382 2708 credidisset,
410 2625 451 2689 ab
476 2647 528 2710 eo,
557 2627 643 2710 quod
666 2648 739 2692 eum
763 2625 886 2692 Christi
908 2626 982 2690 fidei
1006 2625 1198 2709 subiecerat,
1261 2677 1262 2686 ,

128 2721 162 2769 25
182 2712 314 2777 sortitus
328 2717 377 2778 est
386 2736 505 2779 nomen
521 2717 553 2778 et
562 2716 757 2799 junctosibi
770 2714 925 2781 Bernaba
934 2714 1046 2780 multis
1060 2714 1196 2780 urbibus

180 2803 361 2887 peragratis
387 2808 551 2869 revertens
569 2802 831 2889 Hierosolymam
855 2826 875 2868 a
893 2802 1000 2884 Petro,
1022 2802 1144 2868 lacobo
1165 2807 1198 2867 et

180 2888 325 2956 lohanne
359 2893 505 2976 gentium
537 2893 703 2977 apostolus
741 2892 916 2958 ordinatur.
970 2889 1016 2955 Et
1048 2891 1126 2976 quia
1165 2892 1200 2955 in

182 2979 262 3044 actis
296 2982 516 3062 apostolorum
554 2981 741 3066 plenissime
774 2981 813 3045 de
845 2981 914 3046 eius
947 2980 1196 3045 conversatione
1260 3051 1261 3060 χ

182 3067 416 3153 scriptumest,
438 3069 499 3134 hoc
521 3074 650 3135 tantum
670 3070 784 3154 dicam,
808 3068 893 3154 quod
915 3071 991 3154 poet
1008 3068 1199 3154 passionem

229 3230 269 3349 Ne
283 3223 395 3307 bamba
409 3241 527 3294 parvam
540 3243 640 3308 unam3
654 3225 794 3281 Norimb.:
809 3243 894 3282 unam
907 3241 1025 3295 parvam
1066 3229 1084 3278 8
1099 3224 1200 3280 Bamb.

182 3295 417 3436 secessus
431 3312 465 3350 0²
478 3299 607 3421 rut
627 3295 1202 3450 aestumasseti
1259 3335 1260 3344 ψ

182 3436 245 3490 Vct.
260 3443 285 3492 et
298 3438 378 3493 deest
437 3443 470 3492 21
485 3436 583 3492 Bamb.
599 3439 627 3491 et
641 3438 767 3492 Nonmb.
783 3440 812 3520 ct
825 3437 910 3494 Berua
925 3438 1035 3494 aotrbus
1099 3444 1136 3492 ‘24
1150 3438 1201 3492 at:

183 3507 332 3578 subegerat
403 3515 437 3565 26
456 3507 520 3564 Vat.
539 3511 570 3563 et
586 3507 660 3564 Bern
678 3510 707 3564 et
724 3509 864 3567 Nonmb.:
883 3511 1082 3577 revertensque
