2552 4048
560 258 756 320 ..2-

116 437 137 498 2
243 415 415 482 Crescente
452 438 529 481 vero
569 416 777 501 postmodum
815 414 1055 479 sacratissimae
1092 414 1171 479 fidei

154 507 268 572 christ'
244 511 352 572 tranae
371 505 527 588 religione
546 527 583 570 ac
601 503 844 570 succedentem
862 503 999 586 imperio
1017 502 1171 568 Romano

154 593 325 661 Constant
300 598 347 658 tro
369 595 566 684 imperatore
584 593 732 658 Romano
751 613 879 675 semper
896 592 1046 676 Augusto
1065 593 1171 657 totius

153 683 351 768 reipublicae
369 671 587 766 principatum
605 703 664 765 pro
683 686 830 764 tempore
845 679 994 745 obtinent
996 701 1013 744 e
1029 679 1172 764 contigit
1268 699 1269 712 ¹

152 771 312 836 Helenam
340 771 514 856 virginem,
545 793 627 855 qnae
651 791 690 834 ex
712 768 879 834 nobilibus
903 768 1031 851 quidem
1053 791 1170 870 paren-
1185 785 1199 825 ⁵

151 861 240 926 tibus
268 861 442 944 progenita
470 859 509 923 de
538 859 639 942 stirpe
672 858 873 942 quorundam
902 857 1062 922 nobilium
1093 857 1172 922 civi-

152 951 232 1014 tatis
262 947 468 1014 Treverensis
500 947 704 1031 originemt
689 947 804 1030 traxit
837 945 947 1010 venire
984 946 1025 1009 ad
1053 945 1171 1010 urbem

152 1037 292 1103 Romam
315 1037 513 1120 praedictam
537 1058 646 1100 amora
667 997 823 1100 visitandi
844 1034 958 1100 limina
981 1038 1171 1100 sanctorum

153 1125 241 1190 Pet'
199 1130 243 1190 trr
262 1128 295 1188 et
313 1125 407 1189 Pauli
431 1125 654 1226 apostolorum
678 1124 925 1207 praedictorum.
958 1120 1117 1186 Oumt
1059 1125 1117 1186 aut
1119 1145 1172 1186 em
1268 1183 1269 1214 ,

152 1213 227 1297 ipsa
256 1211 383 1292 Helena
412 1213 538 1278 esset'
529 1235 565 1276 ιιι
594 1212 673 1276 urbe
705 1211 866 1296 praefata,
898 1211 1049 1296 contigit,
1082 1211 1212 1295 quoda

153 1285 365 1367 Constantius
388 1301 567 1385 imperator
595 1301 761 1384 praefatus
785 1301 847 1365 iter
870 1299 991 1364 faciens
1016 1322 1054 1363 ex
1077 1322 1171 1365 more

152 1413 211 1474 per
239 1395 374 1474 pontem
401 1390 528 1454 Tiberis
558 1389 641 1454 vidit
667 1388 827 1454 Helenam
854 1389 939 1454 inter
967 1389 1049 1453 alios
1077 1411 1170 1472 perc·

153 1479 264 1564 grinos
288 1479 351 1544 sibi
376 1501 453 1544 casu
476 1482 705 1546 occurrentem.
741 1477 879 1543 Etcum
902 1477 1038 1542 intuitus
1061 1477 1170 1560 ipsam

152 1567 271 1632 fuisset
293 1569 424 1652 eiusque
445 1567 629 1651 elegantiae
646 1565 920 1650 pulchritudinem
939 1565 1171 1649 conspexisset,

152 1655 233 1738 ipse,
246 1676 326 1719 cum
344 1659 430 1720 esset
447 1659 536 1720 totus
555 1654 681 1720 deditus
700 1654 837 1737 libidini,
855 1655 891 1718 in
909 1655 1210 1736 concupientiam1⁵

153 1745 222 1807 eius
252 1744 374 1808 exarsit
400 1748 433 1808 ct
460 1743 628 1808 mandavit
655 1743 849 1827 quibusdam
878 1742 1076 1810 satellitibus
1100 1744 1170 1808 suis

153 1832 274 1896 dicens:
312 1831 503 1917 ‘Sequimini
535 1833 619 1898 hanc
647 1837 680 1898 et
711 1832 745 1896 in
772 1853 1008 1916 quamcumque
1036 1832 1171 1896 domum

153 1921 339 2005 intraverit,
363 1922 458 1988 dieite
478 1920 623 2005 domino,
646 1921 732 2005 quod
752 1921 858 2004 ipsam
882 1920 920 1984 de
944 1920 1039 1984 domo
1059 1941 1118 1984 sua
1138 1925 1172 1984 et

155 2010 315 2092 custodia,
349 2031 514 2094 quousque
541 2010 580 2077 de
609 2010 682 2093 ipsa
709 2009 794 2074 sicut
826 2009 1040 2094 cogitavimus
1073 2012 1171 2091 capta

155 2098 402 2180 opportunitate
431 2099 580 2164 ordinare
608 2098 801 2182 poterimus,
829 2099 889 2162 sub
917 2118 1023 2180 poena
1050 2097 1170 2180 capitis
1185 2113 1212 2151 ιο
1268 2093 1269 2106 *

153 2207 221 2252 non
244 2185 410 2254 dimittat?
453 2186 516 2263 Qui
539 2190 711 2271 sequentes
738 2187 844 2270 ipsam
868 2207 969 2269 usque
998 2185 1039 2250 ad
1060 2184 1170 2269 hospi-

153 2273 237 2348 tium
264 2275 350 2358 qucd
380 2297 453 2340 cum
481 2275 548 2344 suis
575 2277 754 2340 intraverat
781 2275 877 2340 sociis
907 2273 1031 2357 hospiti
1054 2273 1170 2340 domus
1268 2291 1269 2330 l

153 2363 187 2426 id
210 2364 297 2446 quod
320 2385 340 2428 a
363 2363 495 2428 domino
515 2384 572 2428 suo
595 2364 630 2428 in
648 2362 810 2428 mandatis
829 2365 1023 2445 acceperant
1045 2367 1170 2428 secreto
1268 2401 1269 2438 ι

154 2455 376 2514 narraverunt.
425 2449 554 2534 Hospes
582 2473 658 2516 vero
692 2451 805 2516 domus
841 2454 974 2534 accepto
1006 2451 1171 2535 imperiali

155 2537 308 2612 mandato
322 2539 504 2622 praefatam
517 2538 678 2606 Helenam
694 2540 728 2604 in
738 2539 885 2604 custodia
898 2561 956 2604 sua
970 2539 1055 2604 clam
1069 2541 1170 2604 susci·
1185 2557 1211 2598 2⁵
1268 2567 1269 2610 ι

153 2626 245 2710 piens
269 2648 310 2692 ne
334 2627 372 2690 de
396 2626 491 2692 domo
517 2650 576 2692 sua
597 2629 761 2694 recederet
783 2627 923 2694 sollicite
947 2628 1132 2694 custodivit.

119 2726 139 2790 3
242 2715 412 2800 Peregrini
440 2720 549 2782 autem
578 2717 635 2782 alii
663 2717 731 2782 eius
755 2716 897 2782 consocii
924 2717 1060 2800 expletis
1083 2717 1170 2782 votis

232 2967 247 3013 ι
271 2959 326 3042 ipis
349 2959 618 3030 Romano1mperio
642 2959 678 3013 F.
702 2962 734 3014 ia
751 2961 781 3014 D
803 2961 886 3016 verta
904 2963 1081 3017 delectarunt.
1115 2979 1170 3032 rprs

153 3030 247 3101 qaod'
238 3031 308 3099 rpsis
323 3048 380 3086 aon
394 3033 507 3100 praebet
520 3048 636 3098 sensam,
655 3048 689 3086 ec
701 3030 820 3101 imperio
836 3037 933 3101 ortam,
948 3034 1066 3087 alteram
1080 3040 1171 3087 actem
1268 3047 1269 3102 ι

153 3102 225 3170 qaod
246 3103 369 3170 sequitur
391 3103 582 3156 uocabulam'
574 3101 693 3172 imperio
716 3104 859 3158 ἀιῑιιιᾶιιιι
877 3119 931 3158 ιιιι
953 3105 1064 3159 conieci
1100 3102 1171 3156 Con·
1268 3115 1269 3170 ξ

153 3170 278 3226 stantino
302 3174 377 3226 codd.
419 3171 584 3226 Constantio
608 3174 714 3228 corrosa
736 3190 769 3228 ec
787 3175 825 3228 ιιί
848 3191 917 3243 qaae
935 3175 1014 3241 infra
1032 3175 1169 3244 tepenter.
1268 3173 1269 3246 l

153 3245 218 3312 8)p
218 3241 428 3298 raedictam‘
392 3261 429 3300 an
447 3249 550 3297 aot
514 3261 551 3298 au
570 3244 606 3298 F
638 3244 713 3298 inD
727 3245 810 3298 certa
824 3246 911 3300 deleto
928 3250 1001 3299 ιιιιι.
1075 3261 1171 3300 amore
1268 3273 1269 3302 ι

152 3315 210 3382 ipsc
224 3315 333 3376 conieci
427 3320 458 3368 12
473 3313 551 3380 tybis
566 3315 605 3380 D,
623 3315 717 3368 tiberis
731 3313 768 3369 F.
863 3322 895 3370 13
910 3314 1002 3384 ipsam
1015 3314 1118 3369 fuisset
1131 3316 1171 3382 D,
1268 3327 1269 3382 ξ

152 3383 279 3440 fuisset'
271 3400 362 3456 rpsam
380 3385 417 3438 F
517 3391 550 3438 14
568 3355 790 3454 prilcritudinem
808 3386 844 3440 F.
940 3393 973 3440 19
993 3385 1073 3440 sicud
1092 3389 1169 3442 codd.
1268 3387 1269 3454 l

153 3461 184 3510 at
201 3471 287 3524 saepe.
379 3456 593 3524 repeteremus
613 3457 706 3524 codd,
726 3455 882 3526 poterimus
901 3458 1007 3527 scripsi.
1086 3463 1121 3512 26
1141 3458 1170 3511 et

151 3541 188 3578 ne
207 3527 297 3594 codd,
317 3527 346 3581 et
364 3527 456 3582 delevi.
