2546 4036
562 225 780 291 „28-

166 370 226 435 sub
254 369 447 456 imperatore
476 364 589 432 Marco
611 365 779 432 Antonino
801 363 888 431 Vero
922 369 956 431 et
984 363 1088 430 Lucio
1118 362 1184 430 Au·

166 457 246 524 relic
270 454 447 524 Commodo
470 455 591 521 floruit

561 617 644 710 Oop.
676 617 803 690 XXX.

258 757 447 843 Philippus,
484 756 654 842 episcopus
687 751 864 834 Cretensis,
896 753 959 820 hoo
991 757 1059 838 est,
1093 755 1183 821 urbis

133 845 337 930 oGortinae,
367 845 457 911 ouius
484 841 664 928 Dionysius
696 844 732 907 in
764 843 903 928 epistula
934 865 994 908 sua
1025 843 1185 926 meminit,

169 957 268 1021 quam
291 934 421 1020 scripsit
443 933 483 998 ad
508 931 649 1000 eiusdem
668 931 812 998 civitatis
835 931 1018 1016 ecclesiam,
1040 933 1183 1018 praeela-

166 1045 240 1089 rum
263 1023 434 1088 adversum
455 1019 655 1088 Marcionem
678 1019 780 1086 edidit
807 1021 942 1104 librum,
968 1021 1184 1108 temporibus·

168 1134 229 1197 que
256 1109 359 1176 Marci
386 1109 547 1176 Antonini
569 1109 649 1175 Veri
681 1113 715 1174 et
741 1107 833 1176 Lucii
861 1108 987 1176 Aurelii
1015 1107 1185 1175 Commodi

168 1199 293 1266 clarinti

115 1343 149 1393 10
290 1339 292 1342 ·
545 1307 626 1399 Oop.
658 1306 809 1382 XXXI.

257 1445 431 1531 Musanus,
448 1467 516 1511 non
538 1445 694 1532 ignobilis
712 1445 871 1512 intereos
890 1443 944 1530 qui
963 1445 1185 1512 ecclesiastica

169 1536 324 1622 dogmata
348 1535 561 1618 scripserunt,
584 1534 644 1598 sub
668 1533 864 1620 imperatore
882 1531 993 1600 Marco
1012 1533 1185 1600 Antonino

167 1623 255 1690 Vero
279 1621 417 1690 confecit
438 1621 557 1689 librum
582 1622 623 1686 ad
646 1622 803 1706 quosdam
826 1622 964 1707 fratres,
993 1623 1050 1709 qui
1075 1622 1115 1688 de
1139 1644 1187 1689 eo·

169 1712 268 1780 clesia
291 1711 332 1779 ad
356 1711 588 1778 encratitarum
610 1709 751 1776 heresim
775 1711 986 1778 declinarunt.

115 1907 148 1956 15
523 1855 618 1982 'cap
649 1890 823 1962 xxxii.

257 2027 424 2095 Modestus
448 2029 573 2114 etipse
597 2029 657 2094 sub
680 2029 875 2113 imperatore
888 2027 999 2095 Marco
1014 2029 1186 2097 Antonino

168 2123 202 2184 et
224 2118 324 2184 Lucio
347 2118 479 2184 Aurelio
504 2115 683 2186 Commodo
707 2117 860 2184 adversus
882 2115 1085 2188 Marcionem
1109 2121 1185 2186 sori-

167 2207 234 2292 psit
265 2205 400 2292 librum,
430 2205 485 2294 qui
516 2228 617 2290 usque
649 2205 746 2272 hodie
779 2209 972 2292 perseverat
1021 2205 1187 2274 Feruntur

171 2296 230 2362 sub
254 2295 385 2362 nomine
408 2295 476 2361 eius
499 2297 533 2359 et
556 2295 620 2360 alia
642 2293 869 2379 συντάγματα,
896 2295 953 2360 sed
980 2296 1021 2361 ab
1050 2296 1188 2364 eruditis

117 2385 265 2468 aequasi
287 2383 542 2468 ψευδεπίγραφοι
564 2382 783 2468 repudiantur.

525 2563 606 2656 Cup.
638 2561 835 2637 XXXIII.

258 2701 462 2769 Bardesanes
481 2699 737 2786 Mesopotamiae
761 2703 867 2766 clarus
891 2701 1023 2774 habitus
1047 2707 1107 2788 est,
1132 2705 1187 2791 qui

169 2792 310 2877 primum
332 2789 500 2858 Valentini
527 2793 670 2856 sectator
703 2790 818 2855 deinde
847 2790 1036 2856 confutator
1063 2813 1187 2858 nouam

169 2883 240 2964 ipsa
263 2881 403 2946 heresim
426 2878 581 2946 condidit.
617 2879 746 2944 Ardens
769 2879 837 2944 eius
861 2901 881 2944 a
904 2877 996 2964 Syris
1017 2881 1188 2964 praedica·
1261 2921 1262 2964 p

115 3000 148 3049 25
170 2971 224 3032 tur
252 2969 420 3054 ingenium
448 2968 544 3033 etin
573 2968 795 3052 disputatione
818 2967 1002 3033 vehemens.
1047 2965 1191 3054 Scripsit
1261 2969 1262 3052 i

169 3055 299 3120 infinita
328 3057 481 3122 adversus
510 3078 622 3122 omnes
649 3078 753 3140 paene
781 3055 955 3142 hereticos,
989 3057 1045 3142 qui
1078 3061 1189 3123 aetate
1261 3061 1262 3136 ᾖ

170 3143 238 3210 eins
261 3143 510 3298 pirpllulavterant
555 3143 603 3296 IM
624 3144 739 3297 quibuAs
757 3144 1025 3313 Ξαζίεείῐίιὲιεΐαῗὲ
1046 3143 1188 3301 ἷξὸιὲἰεὲἰὶᾑ

167 3255 241 3298 mus
311 3254 346 3298 er
373 3253 406 3296 es
449 3252 544 3316 quem
604 3253 679 3297 aroo
734 3255 757 3297 n
794 3255 873 3300 nmo
1124 3259 1137 3300 1

241 3413 273 3462 11
293 3405 371 3462 Vct:
389 3404 535 3460 Munianus
635 3405 684 3462 aL:
704 3407 740 3462 de
758 3405 951 3463 eeclesiastico
970 3407 1105 3479 dogmate

168 3482 203 3530 26
223 3477 259 3532 al.
280 3477 399 3532 addunt:
420 3475 563 3532 volumina
