2552 4048
581 261 798 327 „58-

181 403 387 487 presbytero,
404 403 512 486 magis
531 402 753 488 grammaticis
772 402 808 466 in
826 401 1046 468 adulescentia
1065 423 1204 487 operam

181 491 269 556 dedit
301 493 334 555 et
365 493 481 574 postea
512 491 547 556 in
576 495 706 558 sanetas
739 491 914 574 scripturas
943 491 1204 557 innumerabilia

183 580 328 646 scribens
361 579 528 644 volumina
566 580 625 645 sub
658 579 840 646 Theodosio
875 579 1071 662 imperatore
1109 581 1204 646 obiit.
1268 641 1269 672 p

181 667 323 734 Exstant
355 667 423 732 eius
455 667 619 734 ‘adversus
646 665 875 751 Porphyrium'
897 666 991 732 XXX
1022 668 1111 754 libri,
1145 671 1202 754 qui
1239 673 1269 732 ·l

123 819 127 832 ,
146 775 163 826 5
183 756 268 821 inter
291 761 398 822 cetera
421 777 518 840 opera
541 757 608 822 eius
631 757 683 822 vel
705 757 844 822 maxime
867 757 1054 840 probantur.

598 954 679 1046 cap.
711 953 783 1026 eu

271 1091 461 1178 Gregorius,
488 1092 640 1159 Baeticus
667 1092 791 1158 Eliberi
819 1091 998 1178 episcopus,
1026 1115 1128 1177 usque
1157 1093 1201 1158 ad

180 1184 359 1246 extremam
380 1183 580 1246 senectutem
599 1182 742 1247 diversos
765 1180 918 1246 mediocri
942 1202 1090 1247 sermone
1113 1185 1200 1247 trac·
1268 1195 1269 1226 l

179 1272 268 1334 tatus
292 1269 475 1351 composuit
498 1272 530 1334 et
553 1269 604 1334 ‘de
622 1265 695 1334 fide'
719 1269 903 1354 elegantem
929 1269 1063 1354 librum3
1086 1269 1199 1336 hodie·
1268 1285 1269 1304 ²

129 1379 161 1426 10
181 1379 242 1442 que
266 1379 434 1442 superesse
458 1357 583 1422 dicitur.

585 1538 666 1630 Cup.
699 1537 794 1610 OVI.

269 1674 440 1759 Pacianus,
462 1675 497 1739 in
516 1673 678 1760 Pyrenaei
696 1676 781 1762 iugis
795 1675 994 1742 Barcelonae
1017 1677 1200 1762 episcopus,

180 1763 331 1828 castitate
351 1763 553 1848 eloquentiae
572 1767 605 1827 et
622 1767 691 1828 tam
709 1765 777 1829 vita
796 1786 893 1849 quam
912 1787 1059 1830 sermone
1082 1767 1200 1849 clarus,

181 1852 311 1935 scripsit
342 1853 431 1917 varia
463 1852 631 1937 opuscula,
668 1853 706 1917 de
739 1853 856 1937 quibus
884 1857 944 1938 „est
972 1851 1136 1938 ‘Cervus’,
1167 1858 1201 1918 et

127 1958 160 2008 15
181 1938 312 2006 ‘contra
343 1937 572 2024 Novatianos',
602 1946 636 2005 et
668 1941 727 2008 sub
760 1941 942 2008 Theodosio
979 1943 1046 2006 iam
1082 1943 1201 2007 ultima

181 2032 345 2094 senectute
369 2031 514 2094 mortuus
539 2032 597 2094 est.

575 2209 657 2300 cap.
689 2209 806 2281 cun.

268 2345 428 2410 Photinus
457 2345 496 2409 de
520 2344 759 2432 Gallograecia,
788 2346 935 2413 Marcelli
962 2348 1144 2432 discipulus
1168 2354 1202 2415 et

180 2433 289 2521 Sirmii
308 2434 477 2518 episcopus
491 2434 669 2520 ordinatus,
686 2435 846 2502 Hebionis
860 2437 1001 2502 heresim
1015 2437 1199 2503 instaurare

125 2541 161 2590 ao
181 2525 314 2586 conatus
338 2524 403 2606 est,
426 2525 459 2586 et
481 2526 596 2606 postea
618 2545 638 2588 a
661 2521 892 2591 Valentiniano
916 2524 1061 2610 principe
1084 2528 1201 2611 pulsus
1268 2585 1269 2596 ἢ

180 2610 316 2674 ecclesia
329 2611 424 2695 plura
440 2611 571 2695 scripsit
584 2613 759 2690 volumina,
778 2613 813 2676 in
828 2613 943 2697 quibus
958 2614 1009 2678 vel
1022 2616 1201 2700 praecipua
1268 2637 1269 2646 ¹

180 2701 256 2763 sunt
280 2697 405 2764 ‘contra
428 2698 557 2784 gentes'
581 2703 614 2764 et
638 2700 690 2764 ‘ad
713 2699 997 2766 Valentinianum'
1021 2703 1109 2769 libri.

507 2884 510 2888 ’
561 2898 643 2989 cap.
675 2898 817 2970 curn

269 3034 489 3120 Phoebadius,
519 3035 651 3122 Agenni
675 3034 864 3101 Galliarum
882 3037 1068 3122 episcopus,
1098 3038 1201 3104 edidit

126 3125 294 3192 utcontra
323 3122 464 3188 Arianos
494 3125 623 3190 librum.
672 3123 834 3190 Dicuntur
866 3125 934 3192 eius
967 3131 1000 3191 et
1031 3127 1098 3191 alia
1127 3149 1200 3192 esse

251 3303 265 3350 1
281 3287 392 3350 Bamb.:
406 3297 498 3352 Probo
567 3303 600 3351 12
614 3297 727 3355 Bsmb:
737 3297 872 3355 Patianus
935 3307 967 3355 13
982 3299 1095 3354 Bamb:
1112 3299 1200 3354 casti-

178 3369 262 3436 gatae
291 3366 470 3436 eloquentiae
562 3373 595 3422 14
617 3368 727 3424 Bamb:
755 3373 890 3438 peracuto
918 3387 1000 3426 sensu
1024 3369 1098 3424 liber
1124 3388 1199 3424 nnus

180 3439 277 3491 contra
296 3479 324 3493 ..
397 3443 431 3492 21
453 3436 557 3506 ‘plura’
579 3437 658 3493 deest
675 3438 706 3493 in
723 3439 788 3495 Vat.
859 3441 971 3498 Bamb,:
991 3439 1140 3510 praecipui

179 3513 214 3560 24
231 3508 310 3562 Vat:
329 3507 521 3576 Phcedavius3
540 3509 650 3566 Bamb.=
669 3510 823 3579 Lebadiam
842 3513 938 3568 Berua
957 3511 1118 3566 Phebadius
