2546 4036
161 1411 225 1479 Hic
247 1415 378 1480 libellus
401 1417 438 1480 ut
461 1413 609 1480 ederetur
631 1415 698 1480 iam
720 1415 755 1482 in
778 1436 816 1480 eo
839 1414 917 1500 fuit,
943 1417 1092 1482 111111111-

67 1501 149 1568 teris
172 1501 254 1567 mihi
277 1504 385 1569 allatis
414 1503 547 1569 edoctus
576 1525 648 1568 eum
680 1504 766 1569 inter
794 1525 849 1568 eos
877 1502 1004 1572 codices
1031 1504 1091 1572 Le·

67 1589 157 1655 tinos
181 1613 282 1656 menn
305 1593 458 1676 scriptos,
486 1592 543 1676 qni
564 1593 600 1658 in
621 1613 743 1678 magno
765 1591 870 1658 indice
898 1591 1090 1660 Parisiensis

66 1678 288 1746 bibliothecae
315 1681 465 1766 publicae
492 1703 577 1746 anno
608 1681 695 1746 1744
722 1681 810 1766 typis
838 1701 991 1766 expresso
1024 1705 1091 1749 non

68 1767 256 1852 legerentur
287 1770 427 1852 recensi,
459 1769 716 1836 vetustissimum
753 1769 896 1837 codicem
929 1771 1089 1856 quendam

69 1857 219 1939 opusculi
251 1857 334 1924 mihi
363 1857 478 1924 edendi
508 1880 592 1942 esse,
625 1859 680 1942 qui
714 1859 750 1924 in
780 1858 924 1942 catalogi
953 1860 1090 1928 minoris

71 1945 157 2011 1868
184 1945 263 2011 editi
287 1948 408 2034 pagina
431 1949 513 2013 39¹¹¹l
535 1947 622 2012 huno
644 1947 680 2015 in
702 1945 835 2011 modum
857 1948 1041 2014 notaretur:

206 2035 305 2101 Mser.
328 2035 401 2104 Lat.
426 2036 533 2102 12161
558 2034 685 2100 Traites
710 2033 749 2100 de
773 2031 972 2102 Stlerdme
995 2037 1090 2104 etde

204 2121 391 2190 Gennadius
415 2147 470 2189 sur
487 2125 534 2190 les
558 2123 705 2189 hommes
723 2124 877 2188 illustres.
908 2123 1090 2193 Manuscrit

204 2213 414 2298 palimpsesto
423 2211 655 2279 duVHsibcle.
671 2211 733 2294 [De
740 2210 890 2296 l'abbaye
898 2211 937 2277 de
948 2211 1088 2297 Corbie]

71 2300 167 2367 Haud
187 2305 357 2368 cunctatus
380 2302 470 2367 illico
492 2323 551 2387 per
572 2301 702 2366 litteras
726 2323 765 2366 ex
787 2300 970 2385 bibliopola
993 2325 1088 2388 quae-

67 2391 850 2563 11111111111111111111ῖέ23
879 2390 1089 2548 1111111311

69 2573 170 2653 esset,
193 2568 227 2632 id
250 2567 337 2654 quod
360 2568 416 2633 ille
439 2567 572 2634 minime
597 2568 796 2634 detrectavit.

155 2657 234 2722 Illae
265 2660 374 2722 autem
405 2657 548 2738 liliosae,
581 2657 699 2740 quibus
732 2656 771 2722 de
801 2656 925 2722 codice,
940 2654 996 2718 illo
1026 2653 1086 2720 Pa

64 2747 196 2820 risiensi
226 2746 344 2811 certior
375 2767 448 2810 sum
477 2745 598 2828 factus,
633 2745 674 2810 eb
705 2745 879 2811 Anrnuuo
911 2741 1087 2828 Sononnn,

65 2834 250 2920 professore
269 2834 471 2919 doctissimo,
494 2834 600 2898 adme
618 2833 713 2898 delae
732 2838 839 2918 erant,
861 2832 918 2916 qui
930 2830 994 2896 hoc
1007 2834 1086 2896 tem-

65 2945 145 3008 pore
176 2923 326 2989 Lutetiae
356 2923 558 2988 Parisiorum
595 2943 801 2988 commorans
834 2919 982 3006 quemvis
1016 2920 1088 3005 ipse

65 3012 251 3077 litterarum
274 3012 540 3096 occupationibus
564 3010 724 3076 distentus
751 3011 857 3096 magis
886 3032 945 3074 sue
968 3013 1085 3094 sponte

66 3121 165 3183 quam
191 3123 264 3167 meo
292 3105 423 3185 rogatu,
455 3100 575 3186 quippe
608 3099 664 3185 qui
691 3099 779 3167 haud
807 3119 903 3165 ausus
934 3099 995 3164 sim
1018 3099 1087 3164 tale

66 3188 245 3274 quidquam
264 3190 309 3254 ab
332 3211 370 3254 eo
394 3192 516 3274 petere,
544 3189 753 3254 collationem
782 3188 902 3255 codicis
933 3187 1021 3252 illius
1045 3186 1086 3252 ed

65 3275 242 3364 legendum
273 3278 529 3362 perdifficillimi,
570 3277 627 3362 qui
661 3278 790 3362 quidem
824 3275 1016 3359 Hieronymi
1047 3275 1085 3346 li·

64 3365 190 3432 bellum
214 3367 392 3451 contineat,
414 3365 589 3432 ineundam
612 3367 755 3451 suscepit
778 3370 812 3432 et
833 3365 970 3450 peregit.

154 3451 254 3520 Cuius
288 3456 350 3520 viri
387 3455 568 3522 doctissimi
604 3454 846 3537 benevolentia,
887 3474 987 3536 quem
1018 3473 1085 3517 non

65 3543 163 3628 pauci
190 3543 353 3609 auditores
383 3544 451 3609 eius
478 3566 540 3609 usu
564 3542 690 3629 habent
712 3543 894 3626 cognitam,
923 3562 996 3605 cum
1018 3540 1085 3604 iam

117 3655 262 3709 Herdinss,
277 3657 439 3708 Hieronymus.
853 3660 870 3698 a
