2546 4036
568 247 783 312 „30-

168 387 341 472 exemplar,
359 387 444 453 unde
456 388 701 473 tramaripsisti,
720 387 980 474 diligentissima
999 388 1086 453 hanc
1103 411 1184 476 qua

167 497 230 560 que
252 476 505 592 obtestationem
528 477 679 542 similiter
700 476 893 558 transferas,
915 480 952 541 ut
968 477 1125 543 invenisti
1146 478 1184 543 in

168 565 378 719 exemplearpnss
400 653 469 720 eius
493 657 527 718 et
548 654 629 720 alies
648 655 690 718 ad
704 653 884 738 Victorem,
907 654 1097 739 episcopum
1117 653 1184 720 lto·

131 757 314 826 amanum,
346 742 385 807 de
414 742 602 828 quaestione
629 741 768 828 paschae
796 742 968 826 epistulas,
999 742 1035 806 in
1063 742 1185 828 quibus

167 833 353 897 commonet
385 851 458 896 cum
489 852 557 896 non
585 830 682 896 facile
714 830 829 896 debere
861 831 1022 896 unitatem
1053 831 1182 917 collegii

169 918 327 1004 scindere,
360 919 389 984 si
417 919 547 1006 quidem
569 917 683 986 Victor
711 919 832 985 multos
855 918 956 986 Asiae
984 923 1017 984 et
1039 917 1183 986 Orientis

168 1005 1040 1164 etttltrhttffitstttlttffltitit
1054 1007 1184 1162 itti?

115 1199 148 1248 10
166 1117 247 1248 tieem
275 1145 436 1249 etiam'hi
468 1119 775 1270 quindiscrepabant
798 1186 839 1250 ab
869 1118 955 1250 illisq
963 1182 1092 1250 Victori
1114 1207 1183 1250 uon

138 1333 142 1340 .
166 1271 325 1338 dederunt
348 1294 472 1337 manus.
508 1271 635 1339 Floruit
657 1273 797 1343 maxime
817 1273 877 1338 sub
892 1270 1070 1338 Commodo
1092 1273 1183 1358 prin·

166 1361 263 1516 pipp&
287 1361 342 1446 qui
373 1360 484 1426 Marco
512 1361 681 1428 Antonino
704 1361 792 1427 Vero
823 1361 860 1426 in
890 1361 1027 1446 imperio
1057 1383 1181 1428 sueces-

525 1560 606 1650 cup.
637 1559 824 1631 xxxvl.

115 1709 147 1758 15
254 1693 454 1780 Pantaenus,
468 1695 588 1761 stoicae
607 1699 713 1762 sectae
726 1695 956 1782 philosophus,
975 1697 1066 1762 iuxta
1103 1720 1182 1762 uan-
1259 1711 1260 1714 ’

166 1781 241 1850 dam
262 1787 404 1850 veterem
427 1785 463 1849 in
476 1783 673 1852 Alexandria
695 1785 975 1870 cousuetudinem,
997 1785 1056 1851 ubi
1070 1721 1144 1852 llus

166 1873 366 1958 evangelista
385 1873 576 1940 instituente
595 1896 722 1960 semper
744 1873 951 1940 ecclesiastici
967 1874 1055 1939 fuere
1071 1873 1181 1940 docto-

165 1981 229 2042 res,
252 1965 364 2028 tantae
382 1961 574 2046 prudentiae
597 1966 630 2029 et
649 1963 838 2046 eruditionis
858 1966 926 2028 tam
944 1963 981 2026 in
1002 1963 1183 2048 seripturis,

165 2070 263 2133 quam
285 2051 322 2114 in
344 2052 502 2118 saeculari
524 2052 711 2118 litteratura
732 2052 809 2135 filit,
831 2055 869 2118 ut
891 2051 927 2116 in
949 2051 1078 2116 Indiam
1102 2075 1181 2137 quo·

112 2153 147 2202 ao
166 2159 228 2222 que
249 2142 384 2222 rogatus
408 2139 449 2204 ab
473 2140 561 2206 illius
584 2141 691 2225 gentis
714 2141 831 2226 legatis
855 2163 876 2205 a
897 2137 1079 2220 Demetrio,
1103 2142 1179 2206 Ale·
1258 2155 1259 2164 ’

167 2226 321 2292 xandriae
345 2228 507 2312 episcopo,
529 2228 720 2294 mitteretur.
758 2229 823 2295 Ubi
845 2229 989 2313 repperit
1007 2227 1182 2295 Bartholo-

166 2335 273 2380 meum
302 2315 342 2380 de
371 2316 540 2381 duodecim
567 2317 723 2400 apostolis
752 2317 927 2384 adventum
950 2317 1083 2382 Domini
1106 2315 1181 2383 Iesu

167 2403 259 2467 iuxta
271 2403 431 2469 Matthaei
455 2405 658 2490 evangelium
681 2406 898 2491 praedicasse,
921 2405 1008 2490 quod
1030 2404 1183 2472 hebraeis
1257 2447 1258 2456 κ

167 2490 286 2556 litteris
310 2491 467 2577 scriptum
490 2497 654 2559 revertens
669 2493 900 2561 Alexandriam
924 2515 1033 2560 seeum
1055 2495 1183 2560 detulit

114 2597 148 2646 25
167 2575 274 2646 Huius
306 2581 402 2646 multi
430 2581 559 2666 quidem
590 2581 625 2646 in
654 2587 799 2648 sanctam
828 2585 1020 2668 scripturam
1050 2587 1183 2648 exstant

164 2667 400 2754 commentarii,
424 2670 480 2738 sed
503 2671 609 2756 magis
628 2673 702 2737 viva
719 2695 782 2737 vox
801 2671 943 2738 ecclesiis
963 2669 1101 2756 profuit;
1125 2671 1183 2737 do-

164 2756 378 2912 ppitqupflsub
402 2757 520 2826 Severo
543 2759 689 2845 principe
713 2765 746 2826 et
758 2760 937 2838 Antonino,
961 2763 1180 2844 cognomento

194 2868 269 2910 arae
317 2870 345 2912 a.

466 3023 468 3032 .
514 2958 596 3048 cap.
628 2958 839 3030 xxxvii.

111 3110 145 3158 30
252 3089 405 3175 Rhodon,
425 3114 541 3179 genere
560 3095 715 3178 Asianus,
734 3095 919 3180 aTatiano,
939 3096 977 3161 de
997 3117 1061 3180 quo
1082 3118 1183 3181 supra

164 3175 319 3259 diximus,
347 3179 470 3246 Romae
499 3181 534 3246 in
558 3183 724 3266 scriptume
748 3178 891 3250 eruditus
916 3184 1016 3249 edidit
1038 3177 1183 3268 plurima

234 3361 252 3407 4
270 3353 320 3410 al:
341 3356 470 3436 feruntur
485 3385 518 3396 ·-
539 3354 692 3437 epistolae.
730 3363 764 3412 16
783 3359 833 3441 al:
852 3375 870 3413 a
887 3356 983 3412 Marco
1002 3359 1182 3428 evangelista

164 3437 295 3546 32)me
315 3425 543 3565 copfiohlilprppgba
564 3428 707 3494 scriptume
726 3431 829 3484 sanctu
914 3433 948 3484 26
968 3429 1018 3483 al:
1038 3445 1108 3484 roae

1144 1793 1260 1851 ccl
