2552 4048
494 245 712 310 ‚85-

93 384 246 451 volumen
261 385 438 471 egregium,
457 384 507 452 ‘de
522 387 704 452 excessibus
723 389 757 450 et
774 384 950 450 offensione
963 382 1113 470 Eutropii

93 474 252 556 praefecti
274 472 459 559 praetorio',
482 478 515 538 et
536 475 640 540 mults
663 474 735 560 alia,
757 478 794 539 ut
817 472 964 558 diximus,
988 495 1070 558 quse
1093 495 1113 538 a

93 562 308 648 diligentibus
331 566 471 650 possunt
493 563 641 630 inveniri.

475 814 556 906 Cep.
588 812 738 884 XXXI.

181 951 349 1018 Iohannes
366 953 458 1036 alter,
471 951 771 1034 Hierosolymorum
790 951 969 1034 opiscopus,
984 949 1115 1034 scripsit
1133 961 1149 1010 5

94 1038 262 1106 ‘adversus
277 1041 513 1106 obtrectatores
523 1041 622 1106 studii
635 1039 696 1105 sui’
710 1041 839 1124 libmm,
852 1040 887 1104 in
899 1060 963 1124 quo
973 1038 1115 1104 ostendit

93 1151 125 1194 se
148 1129 304 1216 Origenis
326 1129 507 1214 ingenium,
529 1151 597 1195 non
618 1129 716 1194 fidem
740 1131 895 1195 secutum.

462 1381 544 1472 cap.
576 1381 750 1450 XXXII.

182 1517 308 1583 Paulus
327 1519 497 1604 episcopus
516 1519 648 1603 scripsit
664 1516 715 1582 ‘de
734 1513 945 1602 paenitentia’
959 1513 1115 1599 libellum,

92 1605 125 1670 in
148 1629 215 1692 quo
240 1607 296 1672 dat
318 1608 423 1692 legem
444 1607 696 1691 paenitentibus,
718 1606 765 1670 its
788 1604 894 1669 dolere
918 1603 1033 1668 debere
1056 1626 1114 1687 pro
1135 1620 1168 1669 10

92 1695 251 1780 peccatis,
285 1717 327 1760 no
361 1717 458 1782 supra
490 1717 676 1760 mensuram
709 1693 943 1777 desperationis
979 1693 1115 1757 tristitia

93 1787 293 1869 mergantur.

453 1946 535 2038 Cap.
566 1943 763 2014 XXXIII.

183 2083 364 2166 Helvidius,
378 2083 533 2148 Auxentii
551 2082 739 2165 discipulus,
755 2078 943 2164 Symmachi
960 2079 1115 2162 imitator,

96 2173 229 2257 scripsit
255 2173 424 2257 religionis
453 2171 583 2258 quidem
615 2169 739 2253 studio,
770 2168 826 2233 sed
848 2189 916 2234 non
939 2168 1114 2232 seeundum
1135 2184 1168 2234 15

96 2262 267 2326 seientiam
285 2261 405 2326 librum
418 2282 523 2346 neque
543 2281 690 2324 sermone
709 2278 814 2342 nequo
828 2257 954 2322 ratione
967 2257 1116 2334 nitidum,

97 2350 188 2414 cuius
221 2370 318 2433 opere
349 2351 399 2414 ite
428 2353 614 2414 sanctorum
647 2341 880 2432 seripturarum
912 2365 1043 2410 sensum
1076 2345 1116 2409 ad

97 2458 189 2502 suam
219 2439 464 2522 perversitatem
491 2437 654 2502 inflectere
682 2440 818 2502 conatus
847 2438 909 2518 est,
940 2437 978 2499 ut
1006 2455 1117 2499 earum

96 2526 294 2591 testimoniis
327 2547 468 2591 asserere
501 2525 653 2608 voluerit,
690 2528 836 2589 sanctam
867 2522 1005 2588 Mariam
1040 2527 1117 2606 post

95 2615 303 2679 nativitatem
317 2613 459 2698 Domini,
477 2636 573 2699 quem
591 2613 683 2698 virgo
702 2612 838 2697 peperit,
856 2610 976 2694 Ioseph
994 2633 1114 2695 sponso
1134 2628 1169 2677 20

96 2723 153 2767 suo
177 2703 324 2767 iunctum
348 2706 380 2768 et
404 2724 443 2766 ex
466 2703 535 2766 eius
554 2701 717 2766 consortio
740 2701 825 2764 fflios
850 2700 1038 2782 suscepisse,
1061 2699 1116 2782 qui

94 2789 212 2856 fratres
230 2789 365 2856 Domini
388 2790 543 2874 appellati
566 2793 656 2872 sunt,
681 2787 772 2853 ouius
789 2787 984 2871 pravitatem
1001 2785 1116 2852 Hiero-

94 2899 212 2963 nymus
232 2899 372 2964 arguens
390 2878 536 2942 libellum
554 2877 756 2943 documentis
775 2875 1008 2958 scripturarum
1027 2875 1115 2940 suffi-

98 2968 221 3032 cienter
245 2968 400 3032 satiatum
423 2967 577 3031 adversus
602 2988 676 3031 eum
700 2964 807 3029 edidit.

167 3145 200 3194 11
212 3139 324 3200 Bonita
335 3155 370 3194 ne
381 3181 387 3194 .
399 3180 404 3192 .
415 3138 532 3194 tristitie
540 3139 571 3194 in
580 3155 739 3194 mensuram
749 3137 964 3208 desperationis3
974 3137 1113 3193 Norimb.:

95 3227 130 3266 ne
146 3253 152 3266 .
170 3252 175 3264 .
191 3209 325 3264 tristitiae
343 3209 534 3266 immensitate
550 3209 754 3280 desperationis
828 3215 861 3262 14
874 3207 986 3264 Bamb:
1006 3207 1115 3262 absenti

96 3287 129 3335 15
148 3280 260 3335 Bamb.:
282 3281 423 3348 quendam
531 3285 565 3335 16
583 3281 696 3336 Bemb:
724 3279 897 3345 narration03
920 3279 999 3332 Vnt:
1023 3293 1115 3346 neque

96 3367 224 3406 sermone
242 3349 334 3405 nitido
352 3367 444 3420 neque
462 3351 583 3418 ratione;
602 3349 746 3406 Norimb.:
764 3366 855 3418 neque
872 3347 1066 3404 veteratione

98 3427 131 3476 17
150 3420 291 3477 Norimb.:
310 3421 340 3475 in
359 3421 437 3476 cuius
513 3427 548 3476 20
566 3421 676 3477 Bamb:
697 3437 769 3490 quae
845 3425 879 3472 23
898 3417 1008 3472 Bamb:
1028 3417 1115 3473 libros

99 3507 162 3546 suos
181 3523 215 3533 -
234 3489 363 3560 refertos3
382 3490 521 3547 Norimb.:
540 3491 647 3547 fectum
