2546 4036
493 221 710 286 -23-

420 431 423 438 .
489 364 571 457 Cup.
603 366 711 440 XIX.

180 501 375 585 Quadratus,
397 499 621 588 apostolorum
644 503 829 590 discipulus,
852 497 980 590 Publio,
1002 505 1104 586 Athef

8 603 9 684 ᾗ
85 611 208 659 narum
231 592 397 676 episcopo,
430 591 472 657 ob
496 589 617 657 Christi
639 591 736 657 fidem
753 593 923 678 'martyrio
947 597 1104 660 coronato
1150 673 1152 677 ,
1235 652 1237 658 ,

85 685 124 748 in
146 682 257 747 locum
277 681 345 744 cius
365 680 574 745 substituitur
597 683 630 746 et
652 681 821 748 ecclesiam
845 682 962 768 grandi
984 685 1106 746 terrore

8 843 10 846 ,
86 772 273 856 dispersam
309 767 372 832 fide
409 772 442 833 et
477 767 638 834 industria
679 793 738 835 sua
774 774 958 858 congregat.
1013 769 1143 841 (lum-o

88 881 153 946 que
189 857 377 923 Hadrianus
414 856 553 923 Athenis
594 859 754 944 exegisset
774 859 930 924 ¹hiemem
966 860 1108 925 invisens

8 977 9 982 ¹
90 948 282 1014 Eleusinum
305 949 339 1010 et
362 945 512 1012 omnibus
535 951 637 1030 paene
661 946 814 1012 Graeciae
839 948 939 1014 sacris
962 949 1109 1014 initiatus

89 1036 234 1102 dedisset
262 1035 466 1099 occasionem
479 1033 539 1100 ‘his
563 1037 619 1120 qui
642 1031 848 1102 Christianos
873 1036 1009 1102 oderant
1037 1037 1109 1102 abs-

90 1145 155 1210 que
181 1125 356 1208 praecepto
384 1121 734 1206 imperatorisrexare
758 1125 937 1211 credentes,
964 1127 1109 1210 porrexit

89 1213 264 1279 eilibrum
292 1233 352 1296 pro
375 1214 488 1276 nostra
515 1213 672 1299 religione
695 1215 912 1298 compositum
934 1213 1028 1283 valde
1050 1235 1162 1284 ne-1o

88 1301 268 1368 cessarium
299 1300 495 1384 plenumque
523 1301 660 1368 rationis
693 1306 726 1368 et
754 1301 829 1368 fidei
861 1306 895 1367 ct
926 1304 1108 1386 apostolica

88 1391 240 1456 doctrina
261 1389 406 1474 dignum.
450 1388 491 1453 Iu
518 1411 582 1475 quo
609 1395 643 1456 et
665 1391 896 1475 antiquitatem
919 1412 997 1456 suae
1019 1395 1107 1456 aeta·

89 1481 133 1543 tis
156 1478 334 1544 ostendens
359 1477 406 1542 ait
423 1478 580 1561 plurimos
603 1501 624 1543 a
641 1498 676 1544 se
694 1479 798 1562 visos,
815 1480 870 1565 qui
889 1479 949 1544 sub
964 1478 1107 1546 Domino

89 1567 190 1632 variis
213 1567 251 1633 in
267 1565 387 1632 Iudaea
405 1568 553 1650 oppressi
577 1567 817 1634 calamitatibus
837 1568 944 1634 sanati
962 1567 1103 1651 fueraut,

88 1661 122 1721 et
145 1655 204 1742 qui
228 1679 248 1720 a
270 1656 409 1720 mortuis
432 1661 683 1722 resurrexerant.
1126 1677 1160 1726 15

505 1836 587 1927 Ocp.
619 1837 705 1907 XX.

178 1974 342 2040 Aristides
376 1974 600 2060 Atheniensis,
633 1971 844 2058 philosophus
877 1973 1105 2060 eloquentissi-

87 2086 160 2130 mus
181 2066 215 2128 et
235 2063 296 2128 sub
314 2063 452 2148 pristino
470 2062 584 2128 habitu
603 2061 781 2145 discipulus
796 2059 932 2148 Ohristi,
950 2063 1104 2129 volumen

87 2152 195 2219 nostri
226 2151 390 2237 dogmatis
420 2151 588 2217 continens
618 2151 779 2215 rationem
806 2151 919 2216 eodem
949 2156 1106 2236 tempore,

87 2263 152 2327 quo
187 2245 222 2306 et
244 2239 439 2324 Quadratus,
472 2239 639 2306 Hadriano
671 2239 811 2325 principi
843 2239 945 2324 dedit,
976 2240 1011 2304 id
1043 2245 1102 2326 cst,
1121 2259 1157 2309 20

88 2330 333 2416 apologeticum
359 2350 419 2414 pro
443 2326 651 2410 Christianis,
679 2329 765 2413 quod
787 2350 889 2414 usque
911 2328 1007 2394 hodie
1030 2351 1109 2412 per--

87 2437 243 2484 severans
267 2417 352 2503 apud
375 2416 562 2503 philologos
586 2417 708 2504 ingenii
731 2418 800 2483 eius
822 2416 977 2484 indicium
1001 2422 1059 2484 est.

489 2597 571 2690 Cup.
596 2599 713 2670 XXI.

180 2736 344 2822 Agrippa,
373 2740 588 2822 cognomento
612 2733 770 2822 Castoris,
793 2736 842 2801 vir
864 2735 958 2801 valde
981 2737 1105 2824 doctus,

87 2826 246 2891 adversus
273 2823 383 2890 XXIV
410 2823 562 2890 Basilidis
589 2824 724 2889 heretici
750 2823 930 2908 volumina,
959 2846 1041 2909 quae
1068 2826 1105 2890 in
1124 2842 1159 2892 as

87 2913 297 2998 evangelium
331 2912 526 2998 confecerat,
562 2913 739 2978 fortissime
775 2912 928 2977 disseruit
963 2914 1104 2997 prodens

87 3004 159 3068 eius
188 3001 341 3068 universa
368 3003 525 3085 mysteria
553 3006 586 3066 et
607 3000 784 3085 prophetas
807 3021 1000 3068 enumerans
1024 3001 1105 3068 Bar·

87 3091 218 3158 oabban
249 3094 282 3156 ct
303 3089 453 3156 Barchob
486 3093 519 3154 et
551 3089 591 3154 ad
623 3093 779 3156 terrorem
807 3089 1007 3158 audientium
1037 3093 1103 3156 alia

161 3266 269 3328 tuat:
295 3264 331 3320 ob
350 3263 455 3320 Christi
478 3264 626 3334 martyri03
650 3263 761 3320 Bamb.:
785 3264 822 3320 ob
846 3263 1003 3331 Christum
1022 3261 1104 3322 Bern.

91 3340 119 3391 et
137 3335 279 3391 Norint:
299 3335 334 3390 ob
354 3335 457 3390 Christi
474 3335 640 3404 martyrium
727 3342 743 3390 6
762 3336 873 3391 Bamb.=
892 3335 995 3388 exisset
1012 3333 1106 3390 hieme

89 3406 330 3547 iophdsleum
399 3412 433 3460 10
447 3405 497 3460 al:
511 3405 611 3460 utilem
678 3411 712 3460 22
728 3405 825 3462 Bamb.
840 3408 869 3460 et
882 3403 1022 3458 Norint:
1042 3403 1105 3472 phi-
