2546 4036
486 247 707 312 ..37-

84 387 172 475 quod
191 386 349 473 oppidum
367 386 483 454 Italiae
502 392 560 474 est,
583 409 702 474 senem,
720 388 776 473 qui
794 409 829 454 se
847 388 936 454 beati
948 383 1107 476 Cypriani

84 478 149 542 iam
171 475 308 562 grandis
327 477 443 543 aetatis
456 478 630 562 notarium,
648 499 721 544 cum
739 477 809 562 ipse
829 477 1002 543 admodum
1021 481 1106 544 esset

86 565 286 649 adulescens,
295 563 419 631 Romae
429 565 548 632 vidisse
558 565 679 631 diceret
687 564 880 632 referentem
891 565 962 651 sibi,
974 566 1106 632 solitum

86 675 267 738 numquam
285 651 486 738 Cyprianum
503 655 627 740 absque
641 653 833 720 Tertulliani
851 654 989 720 lectione
1008 676 1107 720 unam

87 743 172 808 diem
190 742 385 828 praeterisse
404 763 441 809 ac
463 742 526 808 sibi
543 743 655 809 erebro
675 742 793 809 dicere:
815 741 869 808 ‘da
886 739 1106 828 magistrum’l
1144 757 1160 806 5

91 831 329 896 Tertullianum
339 830 487 897 videlieet
500 831 696 918 significans.
719 831 783 896 Hic
795 853 898 917 usque
912 831 954 896 ad
968 830 1108 896 mediam

90 923 233 985 aetatem
252 919 422 1004 presbyter
439 919 503 985 fuit
521 921 684 1005 ecclesiae,
705 918 828 984 invidia
845 923 960 1004 postea
982 923 1015 984 et
1033 941 1107 986 oon·

88 1008 232 1073 tomeliis
270 1008 460 1074 clericorum
496 1007 664 1075 Romanae
696 1009 849 1073 ecelesiae
885 1008 926 1073 ad
958 1007 1108 1074 Montani

91 1097 213 1182 dogma
231 1096 383 1180 delapsus
406 1097 442 1162 in
459 1097 572 1162 multis
594 1097 687 1162 libris
706 1118 810 1163 novae
832 1096 1022 1182 prophetiae
1044 1119 1109 1162 me·

87 1186 193 1251 minit
247 1183 439 1270 Specialiter
475 1189 583 1251 autem
620 1185 772 1250 adversus
804 1185 972 1251 ecclesiam
1004 1186 1108 1251 texuit
1129 1199 1161 1250 10

90 1273 258 1340 volumina
278 1273 316 1338 de
333 1273 504 1359 pudicitia,
527 1273 566 1338 cle
584 1274 824 1360 persecutione,
847 1274 886 1339 de
904 1274 1048 1358 ieiuniis,
1071 1274 1110 1338 de

92 1363 316 1449 monogamia,
339 1363 378 1428 de
401 1362 519 1428 ecstasi
544 1363 646 1428 libros
670 1383 726 1428 sex
749 1367 783 1428 et
805 1363 992 1448 septimum,
1015 1383 1110 1448 quem

94 1451 251 1516 adversus
275 1449 488 1536 Apollonium
510 1451 706 1537 composuit3
728 1451 895 1536 ferturque
916 1450 1035 1516 vixisse
1057 1471 1110 1515 us-

93 1561 152 1624 que
178 1539 437 1693 fflfficrepitam
456 1543 597 1605 aetatem
621 1543 654 1604 et
676 1561 759 1624 quae
776 1559 844 1605 nou
863 1542 994 1604 exstant
1014 1559 1109 1624 opus·
1162 1533 1172 1548 '

92 1629 163 1694 cula
227 1628 238 1692 i
263 1628 333 1693 'sse
1129 1638 1162 1689 15

496 1756 580 1847 Cup.
608 1754 712 1827 LIV.

181 1891 348 1978 Origenes,
372 1892 427 1977 qui
450 1896 483 1958 et
505 1891 735 1976 Adamantius,
758 1889 881 1955 decimo
906 1889 1015 1955 Severi
1038 1910 1108 1973 per·

92 1981 210 2046 tinaois
240 2003 325 2047 anno
353 1981 523 2046 adversum
545 1977 750 2046 Christianos
779 1979 1001 2062 persecutione
1023 1998 1109 2043 com-

93 2075 193 2148 mota,
217 2091 237 2133 a
258 2068 398 2134 Leonide
421 2072 514 2154 patre
532 2066 656 2134 Christi
679 2067 836 2151 martyrio
859 2069 1013 2132 coronato
1037 2087 1110 2131 eum

94 2181 148 2224 sex
170 2158 329 2222 fratribus
353 2162 386 2223 et
408 2161 512 2222 matre
532 2157 630 2222 vidua
648 2175 771 2240 pauper
792 2154 985 2239 relinquitur
1007 2175 1109 2219 annos
1128 2167 1163 2217 20

93 2251 189 2314 natus
214 2247 341 2310 circiter
363 2244 474 2330 xvl13
501 2265 570 2310 rem
597 2245 682 2310 enim
704 2243 896 2309 iamssiarem
920 2243 962 2308 ob
986 2242 1110 2308 confes·

97 2337 222 2402 sionem
252 2333 376 2400 Christi
407 2334 502 2399 fiscus
534 2338 756 2418 occupauerat.
802 2331 864 2397 Hie
896 2331 1110 2396 Alexandriae

94 2424 243 2508 dispersa
281 2423 415 2487 ecclesia
446 2427 561 2488 octavo
597 2422 721 2487 decimo
758 2420 874 2486 aetatis
911 2441 989 2485 suae
1025 2439 1109 2484 anno

92 2507 308 2596 κατηχήσεων
323 2531 404 2594 opus
419 2510 599 2596 adgressus,
615 2515 731 2594 postea
746 2509 955 2593 aDemetrio,
968 2508 1111 2574 eiusdem

92 2601 183 2666 urbis
213 2600 375 2684 episcopo,
398 2599 562 2664 inlocum
585 2595 760 2664 Clementis
787 2597 967 2682 presbyteri
995 2597 1110 2662 confir·
1129 2608 1164 2659 25

96 2692 220 2772 matus,
247 2707 305 2772 per
326 2687 447 2752 multos
471 2708 575 2752 annos
597 2686 720 2770 floruit,
749 2689 783 2751 et
805 2707 877 2751 cum
899 2686 964 2752 iam
987 2684 1111 2750 mediae

94 2780 180 2842 esset
200 2776 318 2841 aetatis
333 2779 366 2841 et
379 2779 511 2861 propter
529 2775 680 2840 ecclesias
694 2773 846 2858 Achaiae,
863 2795 946 2858 quae
963 2771 1112 2858 plurimis

92 2864 264 2930 heresibus
300 2864 515 2947 vexabantur,
554 2864 614 2952 sub
650 2863 839 2928 testimonio
875 2860 1112 2926 eeclesiasticae

93 2953 265 3039 epistulae,
288 2951 434 3017 Athenas
457 2973 516 3037 per
537 2951 757 3016 Palaestinam
779 2952 941 3035 pergeret,
964 2971 984 3014 a
1007 2948 1112 3014 Theo-

93 3043 191 3107 ctisto
216 3045 250 3104 et
267 3040 460 3123 Alexandro,
478 3036 655 3105 Caesareae
673 3042 707 3103 et
724 3037 1028 3122 Hierosolymorum
1047 3038 1111 3122 epi·
1130 3049 1166 3098 30

93 3130 215 3214 scopis,
242 3129 414 3214 presbyter
440 3128 607 3194 ordinatus
635 3126 792 3192 Demetrii
820 3126 956 3192 offendit
978 3127 1112 3208 animos,

167 3291 184 3341 3
199 3285 278 3340 Vat:
289 3284 442 3354 refertque;
458 3283 535 3340 Ver:
546 3283 729 3352 referretque
746 3283 844 3338 Bamb.
856 3281 1032 3338 etNorimb.:
1042 3280 1112 3336 reie-

95 3357 264 3424 rentemqne
322 3353 573 3422 Rtnsohzdioeret
583 3354 740 3422 referreque
752 3353 806 3408 sibi
815 3353 930 3408 solitum
989 3348 1110 3406 rBamn.

94 3428 125 3481 et
138 3425 283 3482 Norimb.:
302 3427 446 3494 presbyter
469 3425 524 3479 fuit
546 3425 682 3480 eooloeiae
701 3423 850 3479 Africanae
870 3420 1015 3490 (Africae);
1033 3420 1111 3476 Vatr

97 3496 225 3566 praefuit
298 3502 331 3551 14
349 3496 474 3553 Rtnseh:
493 3497 523 3552 et
541 3495 633 3551 multa
651 3509 723 3563 qnae
795 3499 828 3548 31
849 3493 899 3548 at:
918 3490 1042 3546 animum
