2552 4048
92 429 298 512 propositum
317 452 411 494 suum
429 431 606 496 terminare
625 433 790 514 cupientes
809 431 1039 515 imperatorem
1056 453 1105 514 aa,

5 553 6 562 κ
93 522 261 582 cesserunt
284 518 441 584 dicentes:
475 519 626 584 ‘Domine
649 519 840 604 imperator,
867 542 926 584 vos
950 520 1031 584 scire
1054 521 1107 584 de-

92 605 186 688 betis,
210 605 297 690 quod
314 607 348 671 in
366 628 495 672 recessu
513 612 625 674 nostro
649 608 688 672 de
706 608 786 672 urbe
805 630 826 672 a
844 607 974 674 domino
993 612 1106 673 nostro

92 693 316 760 Romanorum
339 696 534 780 imperatore
554 695 739 780 specialiter
759 697 939 781 recepimus
962 697 997 760 iu
1019 718 1108 761 man-

67 801 80 840 5
94 782 190 866 datis,
208 787 246 847 ut
263 784 387 868 nuptiis
402 807 475 848 cum
490 785 710 850 sollemnitate
728 786 867 868 peractis
882 785 985 848 filium
1004 807 1108 866 suum,

5 891 6 962 l
94 893 190 955 quem
223 872 308 936 sicut
339 895 373 937 se
404 874 512 957 ipsum
544 873 667 957 diligit,
703 895 776 938 cum
808 895 867 938 sua
883 873 1034 956 coniuge
1067 873 1109 937 ad

5 985 6 1048 ἕ
93 959 233 1024 Romam
256 961 406 1026 reducere
430 961 614 1044 debeamus
638 961 723 1046 quod
745 961 810 1026 nisi
832 961 1003 1026 fecerimus
1026 961 1110 1026 nihil

94 1049 184 1113 aliud
206 1050 302 1113 nobis
322 1054 470 1132 superest
487 1049 552 1115 nisi
570 1051 662 1115 mori.
696 1050 827 1114 Placeat
845 1069 923 1134 ergo
942 1050 1108 1114 maiestati

70 1137 224 1202 *vestrae
247 1137 350 1202 filiam
372 1142 515 1203 vestram
535 1159 607 1202 cum
630 1160 688 1203 suo
711 1138 780 1202 filio
802 1139 967 1202 remittere
990 1139 1109 1222 ipsam·

53 1246 80 1283 ιο
94 1247 156 1310 que
184 1226 279 1290 nobis
307 1227 391 1290 sicut
418 1227 456 1291 de
484 1227 551 1290 filio
581 1248 639 1291 suo
662 1226 740 1291 fecit
761 1227 916 1290 traditam
945 1226 984 1291 ad
1007 1249 1108 1292 reces-

94 1336 166 1378 sum
191 1315 275 1378 sicut
298 1316 462 1380 maiestati
482 1318 610 1380 uestrae
633 1315 756 1399 placuit
776 1319 808 1380 et
826 1335 1005 1399 congruere
1022 1315 1108 1380 vide·

92 1402 184 1467 bitur
207 1403 303 1468 citius
327 1403 498 1488 expedire’.
564 1476 566 1480 ,

183 1489 365 1575 Imperator
391 1491 450 1556 his·
474 1492 593 1556 auditis
620 1513 686 1556 una
714 1513 787 1556 cum
817 1491 1022 1575 imperatrice
1050 1513 1109 1554 sua
1121 1487 1164 1552 13

94 1580 233 1663 coniuge
257 1579 432 1663 stupefacti
456 1585 489 1646 et
511 1581 550 1645 de
572 1580 855 1645 talibusnovibus
878 1581 1016 1644 nimium
1035 1600 1108 1644 con-

52 1685 80 1726 ra
93 1668 220 1732 tristati
234 1672 410 1752 coeperunt
427 1669 513 1734 inter
530 1691 564 1733 se
583 1668 700 1736 dicere:
721 1667 900 1744 ‘Quomodo
918 1691 979 1732 nos
998 1669 1110 1733 miseri

5 1767 6 1796 ¹
94 1757 151 1841 qui
164 1760 295 1822 tantum
308 1757 437 1822 unicam
452 1757 610 1822 habemus
625 1757 727 1820 filiam
741 1757 901 1840 heredem,
918 1757 957 1820 de
973 1756 1109 1821 duorum

92 1845 265 1910 hominurn
289 1850 515 1910 extraneorum
539 1845 718 1924 assertione
741 1846 926 1908 intantum
950 1845 1109 1908 confidere

93 1955 281 2017 possumus,
314 1935 399 2017 quod
430 1935 533 1998 filiam
562 1936 709 1998 nostram
741 1955 839 2016 quam
871 1933 954 1996 sicut
982 1933 1109 1996 animas

91 2025 225 2086 nostras
244 2022 410 2106 diligimus
430 2043 589 2106 quamque
608 2021 643 2085 in
662 2022 785 2105 gremio
810 2021 978 2104 sanguinis
1002 2020 1109 2085 cordis

51 2129 78 2168 20
92 2112 200 2176 nostri
220 2111 431 2175 enutrivimus
450 2111 560 2174 lumen
579 2109 746 2174 oculorum
763 2113 949 2174 nostrorum
964 2113 997 2173 et
1015 2109 1109 2173 bacu-

5 2227 6 2272 i
92 2201 162 2263 lum
195 2199 370 2264 senectutis
398 2203 527 2264 nostrae
559 2220 731 2282 possumus
760 2219 779 2260 a
808 2198 904 2262 nobis
935 2219 1036 2280 usque
1069 2197 1110 2260 ad

92 2291 224 2353 tantam
253 2289 315 2352 loci
338 2287 528 2352 distantiam
552 2306 723 2370 segregare
745 2286 939 2369 nescientes,
967 2287 995 2350 si
1017 2285 1110 2370 longi

93 2377 218 2458 latique
233 2375 331 2440 maris
349 2375 533 2440 intermedii
551 2375 773 2440 transfretatio
789 2396 845 2438 seu
859 2375 985 2438 uiarum
1000 2374 1109 2438 discri-

94 2464 186 2528 mina
200 2462 466 2548 longissimarum
480 2465 579 2528 talem
593 2464 731 2530 fortasse
747 2485 839 2529 casus
854 2466 1004 2528 eventum
1018 2484 1110 2547 prae-

51 2570 79 2610 25
94 2553 185 2634 beat,
221 2557 259 2616 ut
289 2553 391 2616 filiam
421 2557 569 2616 nostram
605 2551 852 2616 dilectissimam
885 2573 975 2636 spem
1006 2551 1111 2616 totius

95 2640 211 2706 solacii
232 2640 336 2705 nostri
354 2641 389 2704 in
406 2641 468 2705 hoc
487 2640 614 2705 saeculo
632 2661 799 2722 nunquam
818 2640 927 2704 vivam
946 2640 984 2702 de
1003 2643 1112 2702 cetero

93 2729 218 2794 nostris
232 2729 334 2793 oculis
354 2727 555 2793 videamus‘l'
589 2725 628 2791 ‘O
649 2727 687 2810 si,
707 2728 792 2810 quod
811 2726 906 2804 absit,
925 2726 1006 2790 talia
1024 2747 1112 2790 nova

94 2817 294 2901 reciperem',
313 2815 419 2900 inquit
437 2821 550 2899 mater,
570 2815 659 2900 ‘quid
679 2815 768 2879 aliud
784 2818 922 2879 restaret
938 2814 1003 2878 nisi
1023 2814 1110 2898 quod

95 2927 147 2970 me
171 2905 287 2970 merito
316 2901 375 2988 pro
398 2906 510 2971 dolore
532 2901 751 2989 iugularem‘l'
793 2901 977 2988 Imperator
1000 2907 1110 2966 autem

52 3013 155 3058 aonec
183 3015 336 3078 coronam
363 2993 565 3077 imperialem
593 3013 652 3056 suo
680 2991 781 3075 capiti
812 2992 978 3075 imponere
1010 2991 1110 3056 immo

94 3103 154 3146 nec
182 3081 266 3146 sicut
292 3082 391 3147 homo
418 3082 544 3146 ratione
571 3085 665 3144 utens
693 3080 828 3164 pedibus
860 3081 896 3144 in
927 3082 1015 3146 terra
1044 3102 1111 3144 am·

96 3171 208 3236 bulare
228 3171 284 3234 sed
303 3171 388 3236 sicut
407 3169 530 3234 animal
549 3169 672 3234 eunctis
696 3169 892 3233 horrendum
913 3189 1111 3234 venenosum

167 3331 183 3381 5
204 3325 414 3396 sollempnitate
433 3327 508 3381 codd.
602 3331 616 3379 7
635 3323 724 3378 nichil
742 3325 818 3380 codd.
907 3331 939 3378 13
959 3323 1014 3377 hiis
1034 3325 1110 3378 codd.

99 3404 131 3452 14
148 3397 269 3452 novibus
288 3399 364 3452 codd.
385 3399 415 3466 (l)
493 3403 525 3450 19
545 3395 690 3464 sanguinis
713 3412 763 3452 om.
781 3395 820 3449 F.
894 3400 928 3448 20
951 3397 980 3448 et
1004 3411 1054 3448 om.
1074 3394 1110 3447 F.

97 3473 130 3521 22
157 3469 239 3522 tanta
263 3467 321 3522 loci
346 3465 515 3521 distantiam
539 3467 582 3533 D,
608 3469 688 3520 tanta
709 3465 766 3519 loci
789 3463 929 3520 distancia
950 3465 985 3520 F.
1077 3471 1110 3520 29

97 3539 197 3593 merito
216 3541 248 3594 ia
266 3540 296 3593 D
313 3542 452 3609 repetitur.
527 3544 560 3592 30
578 3553 672 3605 ymmo
691 3539 767 3591 codd.
