2552 4048
509 284 727 348 ...99-

108 448 182 492 men
206 448 285 492 cura
308 425 462 490 aduersus
485 423 699 491 Nestorianos
723 428 756 490 et
777 425 1010 510 Eutychianos,
1049 425 1126 492 Rui-

105 537 184 580 nam·
216 515 316 598 etiam
348 513 542 580 Antiochiae
579 515 721 600 elegiaco
755 515 897 580 carmine
928 514 1056 599 planxit
1087 536 1125 580 eo

107 604 273 669 auditores
295 603 445 668 imbuens
473 625 567 682 sono,
595 625 659 688 quo
681 601 827 688 Ephrem
854 603 1007 669 diaconus
1030 603 1126 670 Nico-

105 693 231 758 mediae
259 693 396 776 lapsum.
446 691 584 757 Moritur
611 692 719 757 Leone
748 695 781 757 et
810 691 993 758 Maioriano
1026 693 1126 776 impe·

103 781 265 847 rantibus.
1163 795 1178 844 5

468 873 550 965 cap.
579 872 770 946 LXVIII.

197 1007 385 1096 Salvianus,
412 1009 627 1076 Massiliensis
650 1011 830 1096 presbyter,
857 1011 1001 1076 humana
1025 1013 1058 1076 et
1080 1011 1125 1076 di·

104 1101 180 1166 vina
203 1100 389 1166 litteratura
407 1101 584 1165 instructus
604 1103 645 1183 et,
663 1103 701 1166 ut
720 1100 841 1186 absque
859 1101 981 1166 invidia
1001 1100 1125 1186 loquar,

105 1190 333 1275 episcopcrum
366 1189 531 1274 magister,
564 1189 694 1273 scripsit
723 1189 918 1256 scholastico
951 1192 984 1256 et
1011 1193 1124 1274 aperto

105 1299 255 1344 sermone
283 1278 400 1362 multa,
432 1299 471 1342 ex
499 1277 615 1363 quibus
642 1277 707 1343 ista
737 1279 818 1364 legi:
846 1277 897 1343 ‘de
924 1278 1123 1364 virginitatis
1145 1293 1177 1342 10

103 1365 203 1432 bono'
228 1367 269 1431 ad
287 1365 479 1431 Marcellum
498 1366 726 1451 presbyterum
748 1367 852 1432 libros
871 1371 1033 1453 quattuor,
1057 1365 1123 1431 ‘ad-

102 1477 235 1521 versum
259 1453 440 1520 avaritiam'
462 1454 565 1520 libros
589 1459 751 1540 quattuor,
780 1455 831 1521 ‘de
853 1456 1017 1542 praesenti
1040 1454 1123 1519 iudi-

103 1543 166 1610 cio'
189 1545 292 1608 libros
316 1544 471 1629 quinque,
493 1546 526 1608 et
543 1566 603 1628 pro
623 1565 735 1609 eorum
754 1545 869 1610 merito
890 1544 1122 1609 satisfactionis

104 1632 158 1698 ‘ad
182 1630 363 1698 Salonium'
390 1633 578 1716 episcopum
606 1632 726 1698 librum
755 1655 865 1718 unum,
893 1638 926 1698 et
950 1633 1122 1717 expositio-

102 1723 154 1786 nis
188 1725 350 1786 exmemae
382 1722 486 1805 partis
518 1721 594 1786 libri
623 1721 839 1788 Ecclesiastes
871 1723 912 1786 ad
942 1720 1122 1804 Claudium,
1142 1735 1175 1784 15

35 1881 43 1896 ,
102 1811 295 1894 episcopum
322 1808 559 1893 Viennensem,
590 1809 711 1875 librum
738 1833 854 1892 unum,
877 1809 1122 1894 ‘epistularum'

101 1900 225 1965 librum
243 1921 344 1964 unum
363 1902 396 1964 et
413 1899 448 1963 in
466 1919 589 1962 morem
604 1897 800 1964 Graecorum
820 1898 871 1963 ‘de
889 1898 1049 1982 principio
1069 1919 1122 1982 ge-

103 1989 192 2054 nesis
215 2009 319 2073 usqua
343 1988 384 2052 ed
402 1986 625 2053 condicionem
644 1985 797 2052 hominis'
822 1987 1005 2072 composuit
1027 2008 1122 2052 versu

103 2077 199 2162 quasi
228 2076 445 2142 hexaemeron
472 2076 592 2140 librum
615 2097 730 2160 unum,
753 2074 939 2141 ‘homilias'
963 2075 1122 2160 episcopis

102 2165 209 2230 factes
231 2166 365 2249 multas,
389 2163 692 2232 ‘sacramentorum'
715 2186 791 2229 vero
815 2166 968 2250 quantas,
991 2185 1051 2229 nec
1074 2185 1122 2228 re·
1143 2178 1177 2228 20

104 2255 229 2320 cordor.
266 2253 359 2319 Vivit
381 2275 482 2338 usque
505 2252 601 2317 hodie
624 2253 661 2317 in
685 2256 848 2370 senectute
872 2253 966 2319 bona.

490 2435 572 2526 cap.
600 2435 747 2506 LXIX.

195 2571 353 2638 Paulinus
382 2550 565 2657 composuit
591 2575 749 2638 tractatus
778 2572 828 2637 ‘de
857 2573 950 2638 initio
980 2573 1122 2650 Quadra·

12 2699 13 2726 r
106 2659 274 2748 gesimae',
302 2683 319 2726 e
350 2662 467 2745 quibus
496 2681 557 2746 ego
586 2660 665 2737 duos
695 2661 776 2744 legi,
799 2660 850 2725 ‘de
873 2662 924 2726 die
948 2661 1121 2727 Dominioo

12 2747 14 2798 3
104 2749 273 2835 pasehae',
297 2749 352 2814 ‘de
380 2747 611 2832 oboedientia',
634 2747 690 2813 ‘de
718 2748 942 2833 paenitentia',
966 2748 1021 2813 ‘de
1048 2771 1122 2814 neo·
1142 2763 1175 2824 as

105 2837 241 2924 phytis'.

499 2930 581 3020 Cup.
609 2928 733 3000 LXX.

196 3069 355 3148 Hilarius,
371 3068 573 3134 Arelatensis
588 3067 772 3152 episcopus,
791 3067 840 3133 vir
854 3068 889 3133 in
908 3070 1028 3134 sanctis
1045 3061 1122 3135 scri·

104 3159 211 3244 pturis
236 3158 362 3240 doctus,
385 3156 587 3242 paupertatis
612 3160 739 3223 amator
762 3160 795 3222 et
813 3177 891 3242 erga
913 3157 1028 3243 inopes
1046 3179 1121 3242 pro-

104 3249 202 3330 visor,
229 3268 298 3311 non
325 3247 430 3311 solum
458 3246 577 3311 mentis
605 3246 739 3330 pietate,
767 3246 822 3310 sed
847 3251 879 3311 et
902 3248 1044 3331 corporis
1069 3247 1119 3310 sui
1139 3261 1176 3311 30

104 3337 218 3401 labore
243 3335 400 3400 sollicitus
424 3334 494 3400 fuit
530 3333 616 3400 Nam
639 3356 698 3418 pro
722 3335 902 3400 reficiendis
924 3335 1120 3419 pauperibus

178 3481 193 3530 3
213 3474 308 3530 Bern:
328 3473 503 3529 ecauditorea
582 3479 596 3528 7
616 3471 733 3530 Banu:
754 3473 894 3529 silvianus
972 3477 1005 3526 29
1024 3473 1121 3528 Bora:

105 3563 175 3616 erga
192 3545 309 3615 inopum
327 3544 515 3614 provisionem

847 3630 905 3686 ⁴7*

788 3683 819 3701 ,μ
847 3674 865 3697 J

848 3700 866 3728 1⁷⁶
881 3707 902 3724 Ἢ

768 3727 789 3744 r*
866 3729 886 3743 su
