2552 4048
528 277 770 340 -102-

502 475 584 567 Cup.
614 475 798 548 LXXVI.

226 611 346 677 Paulus
360 613 543 697 presbyter,
556 615 697 697 natione,
711 616 748 678 ut
762 633 801 678 ex
815 612 909 678 dictis
924 612 992 677 eius
1006 613 1161 698 cognovi,

138 701 340 780 Pannonius,
370 701 500 786 scripsit
522 700 579 768 ‘de
602 702 790 788 virginitate
814 698 990 767 servanda'
1014 705 1047 766 et
1070 700 1159 768 ‘con-

137 793 242 854 temtu
264 789 393 855 mundi'
427 811 464 856 ao
492 789 594 857 ‘vitae
623 792 829 856 institutione
856 790 908 855 vsl
935 812 1062 856 morum
1086 812 1159 856 cor-

99 877 291 944 crectiono'
320 878 474 945 mediocri
503 901 667 964 sermone,
695 880 751 944 sed
779 879 887 945 divino
916 879 1064 945 conditos
1088 879 1157 944 sale

138 967 219 1034 duos
242 967 343 1033 libros
367 969 408 1033 ad
430 991 603 1054 personam
627 968 793 1034 cuiusdam
822 967 941 1033 nobilis
966 973 1000 1033 et
1022 967 1155 1034 Christo

137 1056 264 1122 deditae
287 1057 436 1143 virginis,
459 1057 698 1142 Constantiam,
716 1058 751 1123 in
775 1056 890 1143 quibus
920 1057 1070 1122 meminit
1098 1078 1155 1142 go-

136 1145 273 1224 viniani,
296 1146 431 1212 heretici
455 1151 488 1212 ct
510 1147 715 1233 voluptatum
739 1169 776 1212 ao
796 1147 967 1211 libidinum
989 1147 1157 1230 praedica·

138 1234 235 1320 toris,
259 1235 311 1299 cui
326 1235 368 1300 in
391 1239 522 1301 tantum
545 1235 745 1303 continentis
769 1238 802 1300 et
825 1238 934 1301 castae
958 1236 1044 1301 vitae
1062 1237 1158 1300 insti-

84 1335 118 1384 10
137 1323 221 1388 tutio
246 1325 409 1390 contraria
431 1323 552 1410 fuerat,
575 1328 612 1389 nt
634 1327 718 1391 inter
741 1325 925 1390 luxuriosas
949 1326 1060 1409 apulos
1085 1325 1158 1388 ani·

135 1433 222 1477 mam
246 1417 414 1479 eructaret.

486 1579 567 1669 Oop.
596 1579 804 1650 LXXVII.

224 1715 350 1801 Pastor,
374 1716 553 1802 episcopus,
577 1717 760 1802 composuit
782 1716 927 1781 libellum
960 1715 994 1781 in
1020 1715 1156 1780 modum

136 1806 278 1891 symboli
306 1827 442 1890 parvum
469 1808 575 1872 totam
601 1827 705 1890 paene
734 1805 987 1871 ecclesiasticam
1017 1804 1156 1868 creduli-

83 1901 116 1951 15
135 1899 237 1961 tatem
259 1917 318 1979 por
342 1895 521 1961 sententias
544 1896 782 1996 continentem,
811 1895 846 1958 in
874 1907 936 1979 quo
960 1893 1046 1957 inter
1068 1897 1155 1958 cete·

135 2005 188 2050 ras
217 1983 449 2070 dissensiones,
483 2005 563 2069 quas
596 1984 834 2068 praetermissis
862 1985 1031 2049 auctorum
1058 2003 1155 2048 voca-

134 2073 219 2139 bulis
252 2073 519 2153 anathematizat,
547 2073 767 2140 Priscillianos
800 2094 874 2139 oum
910 2073 982 2155 ipso
1020 2073 1155 2136 auctore

135 2161 277 2226 damnat.

477 2309 558 2399 Cap.
587 2249 817 2380 LXXVIII.

82 2471 117 2520 20
225 2444 340 2510 Victor
359 2443 554 2530 Cartennas,
572 2445 788 2512 Mauritaniae
807 2446 948 2513 civitatis
969 2445 1155 2530 episcopus,

136 2533 268 2616 scripsit
290 2533 444 2598 adversus
467 2533 608 2599 Arianos
632 2535 752 2600 librum
774 2556 884 2619 unum,
908 2539 941 2599 et
964 2535 1017 2601 ‘de
1040 2535 1153 2619 paeni·

134 2622 238 2688 tentia
264 2622 446 2708 publicani’
469 2623 618 2688 libellum
646 2645 758 2708 unum,
789 2625 824 2688 in
853 2645 918 2708 quo
947 2629 980 2689 et
1006 2624 1153 2707 regulam

135 2712 263 2778 vivendi
286 2713 527 2798 paenitentibus
551 2713 642 2777 iuxta
667 2712 898 2796 scripturarum
922 2712 1152 2778 auctoritatem
1270 2719 1271 2728 ’

134 2802 291 2885 instituit,
315 2806 348 2867 et
370 2800 422 2866 ‘ad
442 2799 613 2866 Basilium'
639 2801 799 2886 quendam
823 2801 931 2887 ‘super
953 2804 1058 2866 morte
1081 2800 1153 2865 filii’

82 2914 116 2964 25
136 2891 389 2958 consolatorium
412 2889 557 2956 libellum
581 2913 638 2976 spe
656 2891 914 2975 resurrectionis,
936 2889 1081 2974 perfecta
1105 2891 1152 2954 in-
1269 2955 1270 2960 .

136 2980 315 3044 structione
338 2980 507 3044 munitum.
553 2977 714 3044 Homilias
742 2980 840 3044 etiam
864 2979 1046 3064 composuit
1069 2979 1152 3042 mul·

207 3176 222 3225 3
242 3169 355 3224 Bamb.:
373 3169 564 3226 Pannoncnsis
672 3177 690 3224 4
707 3169 819 3226 Bamb.:
839 3171 1047 3241 correptionum

136 3241 282 3298 bchb.:
302 3240 406 3296 divino.
445 3240 578 3296 Condidit
593 3259 668 3298 sane.
753 3241 882 3298 7Bern.:
902 3241 1084 3297 Constantios
1103 3257 1152 3297 no·

133 3313 210 3368 mine
277 3318 310 3367 10
328 3310 424 3367 Rern:
443 3310 554 3367 animae
572 3315 716 3383 reputaret
730 3311 937 3368 beatitudinem
1002 3319 1034 3368 17
1054 3312 1151 3367 Bam:
1268 3329 1269 3338 ¹

136 3383 258 3439 auctoris
272 3383 386 3439 nomine
459 3387 494 3437 20
513 3382 607 3438 Rem:
622 3384 765 3440 Catcnnas
838 3389 872 3438 22
889 3383 1056 3454 ‘publicani'
1073 3383 1152 3438 deest

132 3453 281 3579 {ppip'mb
301 3457 331 3510 et
345 3454 430 3510 Bern.
504 3452 617 3511 Bamb.:
636 3454 666 3509 in
685 3472 740 3525 quo
759 3455 905 3525 stragula
923 3453 1034 3511 vivendi
1054 3453 1151 3525 paeni-

165 3543 184 3578 n
228 3543 260 3579 us
