2546 4036
466 247 686 312 ..43-

64 409 169 453 annos
199 391 298 452 natus
326 386 454 452 circiter
482 391 612 463 centum
635 388 788 474 sedecim,
818 393 850 454 et
877 411 936 455 vos
959 409 1084 454 mecum

65 480 218 561 precatur
241 479 279 541 ut
300 474 386 540 idem
405 498 568 561 unumque
592 477 748 561 sapiatis'.
789 476 910 543 Scribit
932 481 965 542 et
987 477 1085 542 aliam

65 565 105 630 ad
126 559 371 630 Antiochenses
395 586 453 649 per
470 561 678 650 Clementem,
701 566 926 651 presbyterum
944 565 1084 629 Alexan-

65 653 163 738 driae,
188 653 313 737 dequo
336 653 600 742 supradiximus
622 675 681 720 nec
698 675 765 720 nou
789 658 822 720 et
844 654 885 719 ad
903 653 1090 740 Origencm,

64 746 97 807 ct
118 762 182 826 pro
201 741 341 828 Origene
357 745 470 808 contra
487 741 698 826 Demetrium,
720 765 759 808 eo
778 743 865 829 quod
887 743 977 808 iuxta
994 742 1085 828 testi·
1122 756 1138 806 t

67 831 215 895 monium
238 830 398 895 Demetrii·
417 831 739 916 compresbyterum
763 831 990 898 constituerit
1023 827 1090 894 sed·

66 924 99 983 et
120 921 207 984 aliae
232 919 300 984 eius
325 919 366 984 ad
389 919 533 984 diuersos
556 920 706 984 feruntur
728 921 895 1004 epistulae.
940 917 1087 1002 Septima

65 1011 177 1072 autem
204 1008 428 1092 persecutione
458 1008 518 1072 sub
536 1007 656 1092 Decio,
683 1030 747 1094 quo
774 1011 923 1093 tempore
936 1007 1088 1091 Babylas

66 1095 263 1162 Antiochiae
292 1118 409 1181 passus
439 1099 503 1181 est,
535 1096 650 1162 ductus
678 1095 869 1162 Caesaream
886 1100 930 1162 et
958 1097 1087 1162 clausus

66 1206 195 1250 carcero
227 1185 268 1250 ob
298 1185 534 1252 confessionem
562 1181 684 1250 christi
703 1186 875 1270 'martyrio
906 1188 1086 1252 coronetur.
1107 1199 1140 1248 10

447 1419 530 1510 cap.
557 1419 709 1492 nrm.

78 1591 82 1601 ·
154 1553 259 1622 Iulius
287 1556 475 1640 Africanus,
507 1557 597 1622 cuius
626 1557 768 1642 quinque
797 1555 848 1622 ‘de
874 1553 1087 1642 temporibus'

68 1647 199 1712 exstant
218 1645 393 1730 volumina,
412 1645 472 1710 sub
490 1645 684 1729 imperatore
702 1644 813 1710 Marco
833 1645 965 1710 Aurelio
985 1645 1088 1708 Anto·

69 1734 156 1816 nino,
181 1735 238 1817 qui
261 1733 407 1799 Macrino
431 1738 637 1816 successerat,
664 1735 861 1820 legationem
884 1755 943 1817 pro
967 1733 1089 1797 instau-

69 1823 194 1887 ratione
218 1821 307 1887 urbis
331 1822 487 1888 Emmaus
511 1823 660 1905 suscepit,
684 1843 767 1905 quae
788 1826 904 1905 postea
920 1819 1089 1904 Nicopolis
1110 1834 1142 1883 15

72 1910 245 1995 appellata.
285 1909 350 1976 Est
368 1911 507 1995 epistula
529 1909 570 1975 ad
589 1909 763 1993 Origenem
786 1931 883 1993 super
902 1907 1091 1993 quaestione

71 1997 255 2083 susannae,
286 2021 324 2064 eo
358 2000 444 2084 quod
473 1999 561 2065 dicat
589 1998 624 2062 in
650 1997 801 2064 hebraico
829 1997 915 2062 hanc
944 1995 1091 2061 fabulam

71 2109 135 2152 non
166 2087 281 2153 haberi
312 2109 371 2152 nec
403 2087 576 2161 convenire
607 2108 681 2152 cum
712 2085 866 2151 hebraica
893 2082 1092 2168 etymologia

70 2171 133 2243 ἀπὸ
163 2176 228 2244 τοῦ
255 2179 381 2261 πρίνου
407 2179 523 2260 repleat
550 2173 606 2242 καὶ
634 2169 699 2240 ἀπὸ
732 2174 793 2240 τοῦ
822 2175 942 2258 σχίνου
968 2174 1092 2256 opicae,

71 2269 187 2330 contra
210 2286 307 2349 quem
325 2264 454 2332 doctam
472 2265 646 2350 epistulam
669 2262 802 2347 scripsit
818 2260 985 2346 Origenes.
1025 2259 1093 2326 ΕΚ·
1111 2275 1146 2324 20

71 2356 137 2418 stat
166 2353 307 2418 eius-ad
331 2352 508 2422 Aristidem
531 2354 633 2420 altera
662 2351 814 2436 epistula,
841 2351 877 2416 in
905 2371 969 2434 qua
996 2368 1092 2432 super

71 2443 245 2527 διαφωνία
274 2464 357 2526 quae
384 2441 510 2508 videtur
537 2463 607 2506 esse
634 2441 670 2506 in
697 2439 890 2526 genealogia
915 2435 1092 2504 salvatoris

71 2531 158 2616 apud
181 2529 389 2596 Matthaeum
413 2534 446 2596 et
467 2529 603 2614 Lucam,
625 2527 990 2613 plenissime-disputat.

458 2763 540 2854 Gap.
570 2759 713 2833 LXIV.

163 2902 335 2986 Geminus,
361 2901 586 2968 Antiochense
613 2899 766 2965 ecclesiae
789 2896 976 2982 presbyter,¹
989 2916 1094 2980 pauca
1112 2909 1147 2959 25

9 3005 10 3008 ’
71 2991 198 3079 ingenii
214 2991 265 3056 sui
278 2993 489 3056 monumenta
502 2988 693 3073 composuit,
707 2987 825 3052 florens
840 2985 900 3050 sub
910 2982 1095 3050 Alexandro

72 3081 225 3165 principe
263 3082 306 3144 et‘
337 3079 490 3164 episcopo
525 3077 614 3147 urbis
650 3097 740 3160 suae,
772 3073 938 3157 Zebenno,
974 3095 1012 3138 eo
1044 3073 1096 3137 vel

72 3170 216 3235 maxime
239 3171 395 3251 tempore,
418 3189 481 3252 quo
501 3164 657 3230 Heraclas
680 3163 920 3230 Alexandrinae
943 3161 1096 3227 ecclesiae

75 3255 229 3342 pontifex
253 3255 422 3321 ordinatus
446 3258 505 3319 est.

148 3437 183 3488 16
201 3429 303 3486 Bamb.
312 3431 341 3485 et
354 3429 492 3488 Nerine:
507 3427 651 3498 appellata
666 3428 717 3482 est.
745 3425 835 3481 Huius
850 3424 894 3482 est
908 3419 1031 3490 epistula
1045 3463 1051 3476 .
1066 3459 1073 3474 .
1088 3461 1097 3476 .

78 3510 109 3558 17
128 3502 211 3559 Vat:
230 3501 304 3557 hauc
322 3499 447 3556 fabulam
464 3498 564 3554 haberi
