2552 4048
524 213 561 223 ..
610 177 652 242 87
702 213 740 224 ..

462 321 575 416 ,σῳ
607 321 772 394 XXXV.

204 456 368 524 Eusebius
398 459 527 544 scripsit
551 458 601 524 ‘de
630 459 733 525 crucis
756 457 890 526 Domini
917 459 1081 542 mystario’
1106 463 1139 526 et

114 547 342 632 apostolorum
360 547 595 633 praecipueque
613 547 703 614 Petri
726 549 909 616 constantia
931 549 1049 614 virtute
1068 571 1138 614 cru·

113 637 162 701 cis
186 635 330 720 indepta.

26 725 27 760 ³
478 729 560 820 Cup.
592 727 780 816 XXXVI.
1156 744 1173 792 s

204 863 407 952 Vigilantius
434 867 615 952 presbyter,
642 867 775 934 natione
805 865 930 951 Gallus,
957 865 1137 952 Hispaniae

114 953 363 1020 Barceloneusis
394 955 566 1039 parochiae
589 955 757 1021 ecclesiam
779 956 893 1019 tenuit.
940 952 1077 1039 Scripsit
1105 959 1138 1020 et

114 1044 186 1126 ipse
209 1043 278 1108 zelo
303 1043 433 1128 quidam
455 1045 621 1129 religionis
645 1043 767 1128 aliqua,
790 1043 846 1108 sed
869 1043 972 1108 victus
995 1043 1138 1108 humana

114 1131 210 1195 laude
239 1135 272 1196 et
297 1153 507 1214 praesumens
536 1154 634 1216 supra
660 1131 745 1197 vires
773 1153 867 1216 suas,
897 1132 995 1198 homo
1023 1133 1137 1217 lingua

115 1220 251 1304 politus,
278 1239 345 1284 non
373 1241 470 1286 sensu
497 1223 728 1306 scripturarum
751 1221 957 1305 exercitatus,
986 1222 1136 1306 exposuit
1156 1243 1190 1290 10

116 1329 217 1390 pravo
249 1309 381 1393 ingenio
414 1310 588 1374 secundam
619 1309 764 1374 Danielis
796 1309 967 1388 visionem,
1006 1313 1038 1372 ct
1070 1310 1136 1374 alia

117 1396 245 1462 locutus
269 1401 319 1462 est
341 1397 470 1482 frivola,
501 1399 639 1482 quaein
666 1398 816 1482 catalogo
843 1398 1060 1462 hereticorum
1082 1419 1136 1461 ne-

116 1487 259 1550 cessario
278 1490 492 1569 exponuntur.
523 1485 608 1551 Huic
627 1491 659 1551 et
677 1488 793 1552 beatus
807 1484 1028 1570 Hieronymus
1047 1508 1136 1569 pres·

117 1572 211 1657 byt'er
224 1574 405 1656 respondit.

473 1702 554 1792 cap.
586 1701 796 1782 XXXVII.
1156 1729 1189 1777 15

206 1837 433 1922 Simplicianus
467 1839 637 1922 episcopus
670 1837 780 1902 multis
809 1837 956 1921 epistulis
984 1838 1134 1902 hortatus

117 1930 166 1991 est
187 1926 410 2012 Augustinum
434 1927 538 1992 adhuc
560 1927 795 2011 presbyterum,
818 1926 942 2008 agitare
967 1925 1142 2010 ingenium.

120 2017 151 2078 et
183 2016 379 2099 expositioni
410 2017 643 2099 scripturarum
674 2035 802 2096 vacare,
833 2017 871 2078 ut
905 2015 1004 2078 etiarn
1031 2036 1134 2079 novus

118 2104 249 2187 quidam
282 2103 488 2186 Ambrosius,
523 2103 673 2190 Origenis
710 2097 932 2186 ἐργοδιώκτης
962 2102 1135 2168 videretur.

118 2190 211 2256 Unde
239 2196 272 2256 et
295 2193 414 2258 multas
442 2193 483 2258 ad
507 2193 575 2258 eius
598 2212 771 2276 personam
799 2191 940 2256 absolvit
962 2192 1134 2275 scriptura·
1153 2215 1188 2264 20

118 2301 188 2345 rum
209 2281 423 2364 quaestiones.
463 2281 526 2346 Est
547 2285 580 2346 et
599 2281 666 2346 eius
686 2280 825 2364 epistula
843 2279 1135 2363 ‘propositionum

118 2370 150 2433 in
173 2391 238 2454 qua
266 2369 497 2456 interrogando
523 2370 615 2455 quasi
638 2369 809 2434 disciturus
840 2368 934 2434 docet
956 2368 1134 2432 docturum.

450 2551 532 2642 Cup.
563 2549 796 2622 XXXVIII.

204 2645 346 2772 Vigiliis
378 2688 547 2773 episcopus
580 2687 711 2771 scripsit
742 2687 783 2751 ad
816 2687 974 2772 quendam
1005 2685 1133 2769 Simpli-

117 2777 245 2840 cianum
273 2775 320 2841 ‘in
347 2777 475 2842 laudem
503 2774 693 2859 martyrum'
720 2775 868 2838 libellum
899 2779 933 2838 et
961 2774 1133 2856 epistulam
1152 2795 1189 2844 25

117 2865 337 2930 continentem
352 2869 446 2950 gesta
456 2865 506 2930 sui
515 2863 671 2948 temporis
682 2864 767 2947 apud
777 2863 933 2928 barbaros
944 2865 1133 2947 martyrum.

187 3011 203 3058 3
230 3003 340 3059 Bamb.:
369 3003 556 3060 constantiam
583 3003 688 3057 virtute
717 3000 876 3071 indeptam
904 3000 1044 3057 Norimb,:
1069 3017 1134 3056 con-

118 3073 251 3130 stantiam
265 3075 370 3130 virtute
384 3076 483 3142 erucis,
501 3074 567 3128 fidei
586 3073 691 3128 virtute
705 3072 880 3143 indemptam
952 3079 969 3128 8
983 3072 1133 3128 vocabula:

119 3145 176 3199 zelo
196 3177 231 3187 -
250 3145 402 3216 religionis,
423 3145 524 3200 desunt
540 3145 571 3198 in
588 3142 733 3226 Norinrbs
820 3143 976 3227 naemu
991 3147 1020 3198 et
1038 3145 1132 3198 Bern:

119 3217 305 3343 ltpillriirirli·
321 3215 664 3356 epichlelelellitlgniriiisnt
680 3215 897 3342 mltllloriinlrn.
908 3213 1134 3365 militonum

119 3361 151 3408 21
169 3356 248 3411 Vatz
267 3358 300 3412 ut
318 3359 361 3412 est
378 3357 438 3412 cius
456 3357 577 3428 epistula
649 3363 683 3412 22
703 3357 813 3412 Banu:
832 3353 1031 3422 interrogando
1051 3353 1133 3407 discr-

120 3427 196 3482 turus
215 3428 298 3484 docet
316 3427 474 3484 doctrinam
