2552 4048
1224 394 1246 458 lu

231 444 387 527 incertus,
433 443 524 508 cuius
563 441 712 506 libellum
753 441 877 525 primus
919 431 1016 514 edidi,
1057 427 1161 490 auctor
1191 421 1238 546 dr

1240 534 1244 564 l

232 533 373 596 enceniis
397 530 602 615 imperatoris
624 529 880 613 pretiosissimis,
1181 597 1186 608 Ι
1224 587 1237 633 m

320 620 369 684 De
406 618 556 684 omnibus
594 625 701 684 eutem
739 618 806 683 fere
842 617 937 682 rebus
974 632 994 674 a
1030 576 1238 670 (lonstantmll¹

153 769 155 774 .
230 707 351 794 Magno
382 707 483 792 gestis
515 728 588 771 cum
620 711 735 790 poetae
762 724 933 789 rerumque
962 696 1130 780 scriptores
1159 682 1246 784 verlll

232 819 305 862 cum
328 797 413 862 fictis
432 799 465 860 et
487 795 583 879 plane
601 794 694 860 falsis
713 796 885 859 miscentes
905 794 958 856 set
975 783 1092 850 multos
1113 771 1194 840 fabul
1226 783 1234 811 *·

231 885 447 951 confinxerint
469 883 673 968 gloriamque
695 883 903 968 imperatoris
927 874 1070 944 omnium
1095 848 1246 986 christiclffi

230 974 357 1039 nissimi
388 973 451 1038 fide
482 972 635 1037 narrandi
667 994 800 1056 prorsus
832 969 983 1054 neglecta
1015 957 1163 1042 augentes
1192 938 1234 1105 θῇ

230 1067 377 1127 nostram
400 1061 591 1126 memoriam
614 1060 814 1143 rettulerint3
838 1081 935 1143 quam
958 1047 1095 1117 maxime
1117 1039 1154 1105 ad
1167 1036 1209 1138 'ho
1235 1035 1246 1075 l

230 1155 360 1233 tempus
379 1151 497 1214 mirum
515 1149 580 1213 fuit
600 1149 638 1212 de
658 1150 718 1234 eis,
742 1169 824 1233 quae
842 1144 993 1212 iuvenis
1012 1112 1236 1204 consummati

230 1239 402 1323 perfecerit
435 1237 615 1322 quibusque
647 1238 713 1302 ium
745 1237 870 1302 iuvenis
900 1234 1058 1300 honorem
1089 1200 1244 1322 Qgflffl

124 1384 131 1388 .
231 1327 367 1412 adeptus
392 1348 461 1391 esse
485 1326 623 1412 dicatur,
653 1347 764 1390 omnes
789 1325 962 1410 scriptores
986 1318 1053 1382 fere
1074 1305 1153 1375 mlul
1172 1304 1199 1363 tr
1228 1301 1246 1429 lg

231 1416 305 1480 dere
329 1416 526 1480 altissimum
550 1417 697 1480 tenentes
721 1413 895 1478 silentium.
930 1410 1027 1476 Nunc
1043 1417 1118 1499 vero
1136 1389 1197 1510 bal
1227 1477 1233 1516 ἶ

230 1505 330 1568 etiam
367 1505 406 1568 dc
443 1504 608 1568 iuventute
644 1501 851 1587 imperatoris
883 1491 1105 1566 inlustrissiml
1147 1497 1203 1560 091¹
1234 1477 1246 1605 p

230 1591 351 1656 culum'
374 1591 487 1656 multis
510 1591 627 1675 quibus
650 1590 738 1655 haud
760 1611 895 1673 parvam
916 1587 1026 1674 capies
1044 1544 1246 1723 voluptauq¹

228 1680 350 1744 fabulis
374 1678 550 1744 abundans.
1236 1707 1246 1764 q

317 1767 367 1834 De
389 1768 507 1834 horum
529 1767 716 1832 fabularum
743 1766 890 1832 fontibus
914 1769 947 1830 et
970 1767 1009 1831 de
1033 1769 1154 1844 genere,
1175 1742 1220 1836 qut

228 1857 372 1922 incertus
399 1857 453 1922 hic
481 1859 593 1922 uuctor
619 1857 654 1921 in
684 1856 731 1920 eis
761 1855 930 1920 narrandis
964 1873 1043 1919 usus
1076 1843 1136 1922 est,
1166 1847 1221 1930 8qu

229 1945 326 2010 bendi
345 1946 506 2030 rebusque
524 1948 650 2028 ceteris,
671 1965 753 2029 quae
772 1943 813 2008 ed
831 1942 894 2010 boc
913 1938 1108 2034 opusculum
1125 1921 1198 1990 reeb

229 2034 472 2118 percipiendum
495 2033 670 2111 attineant,
694 2033 760 2098 alio
783 2033 856 2097 loco
880 2053 951 2097 sum
976 2022 1183 2113 exposuurus·

318 2121 485 2206 Codicum,
509 2143 549 2187 ex
568 2121 685 2206 quibus
702 2120 800 2185 buius
819 2121 896 2185 libri
916 2137 975 2204 per
994 2115 1098 2185 multe
1116 2091 1212 2169 saecul

230 2209 363 2285 silentio
388 2232 523 2294 prorsus
553 2210 703 2276 exstincti
731 2209 921 2275 memoriam
944 2205 1140 2292 repetiturus
1162 2205 1197 2282 ευ,

228 2298 313 2362 alter
329 2321 356 2363 c·
367 2320 419 2364 me
438 2296 594 2362 litteraD
610 2299 812 2380 significatus
831 2301 881 2362 est
899 2297 1117 2362 bibliothecae
1135 2291 1198 2393 153¹

227 2386 375 2469 publicae
395 2385 586 2450 Dresdensis
610 2385 643 2450 ‘J
664 2384 734 2467 46’,
757 2385 798 2448 ed
818 2407 916 2469 quam
935 2403 1021 2452 anno
1043 2373 1128 2446 1832
1158 2361 1207 2456 el,

227 2473 354 2537 bulario
377 2472 480 2558 regio'
503 2473 660 2557 pervenit.
702 2471 849 2556 Scriptus
874 2477 936 2558 est,
964 2475 998 2538 id
1022 2463 1108 2557 quod
1131 2475 1168 2521 θΧ
1188 2447 1208 2510 h

227 2565 371 2626 terarum
404 2563 661 2645 conscriptarum
695 2582 814 2646 genere
847 2563 963 2646 elucet,
997 2552 1126 2628 saeculo
1190 2623 1198 2650 ‹

229 2653 261 2714 et
280 2650 426 2715 continet
443 2649 532 2715 foliis
556 2650 648 2714 1-9
667 2651 730 2716 hoc
754 2650 958 2734 opusculum,
982 2652 1035 2716 cui
1053 2638 1187 2730 titulus·

227 2741 340 2803 sancta
367 2737 504 2803 Helena'
532 2739 706 2822 inscriptus
735 2743 797 2818 est3
826 2737 915 2802 foliis
943 2739 963 2802 9
992 2743 1026 2803 et
1056 2733 1097 2800 10
1125 2721 1218 2806 legun·

230 2825 401 2892 ‘Coronica
428 2827 610 2912 principum
638 2825 862 2892 Misnensium'
890 2825 977 2890 edita
1002 2827 1037 2892 in
1060 2808 1211 2888 Mencken

230 2916 378 2998 scriptor.
400 2937 460 2980 rer.
485 2935 584 3000 germ.
607 2913 656 2980 III
678 2937 709 2998 p.
733 2915 808 2980 346.
1121 2963 1125 2985 t

248 3048 249 3052 ,
315 3001 451 3069 Minoris
479 3005 577 3088 pretii
601 3005 651 3068 est
674 3003 756 3068 alter
781 3002 880 3067 codex
909 3003 1129 3068 bibliothecae
1153 3003 1174 3069 g

226 3091 311 3156 nesii
339 3091 505 3157 Albertini
532 3092 756 3176 Fribergensis
785 3088 934 3155 Saxonici
965 3091 1077 3156 littera
1099 3079 1126 3148 F
1149 3097 1169 3139 a
1190 3085 1217 3130 ¹¹¹

225 3181 359 3245 notatus
380 3181 501 3244 saeculi
519 3179 590 3245 XV.
609 3201 682 3244 cum
701 3180 775 3244 aliis
795 3179 959 3244 codicibus
983 3202 1048 3246 uno
1067 3169 1218 3241 eodcmqu

226 3268 392 3333 volumine
412 3267 664 3351 comprehensus
686 3267 869 3352 significato
894 3266 952 3334 ‘ol
971 3267 1044 3332 VII.
1062 3260 1137 3330 Frb·
1159 3241 1216 3314 141

225 3355 263 3421 In
297 3356 361 3422 fine
388 3355 484 3422 huius
513 3355 635 3420 codicis
663 3356 761 3420 rubro
790 3356 897 3421 colore
928 3360 1059 3421 exarata
1088 3337 1221 3428 legunto

225 3445 318 3510 haec:
339 3444 497 3528 ‘Explicit
515 3444 654 3518 historia
673 3442 879 3509 Constantini
899 3441 1104 3529 imperatoris
1123 3431 1206 3498 Rom

164 3581 166 3586 .
225 3553 342 3596 norum
367 3539 400 3597 et
424 3531 620 3598 Grecorum’.
