2552 4048
476 307 514 318 ..
563 269 606 336 65
656 307 691 316 ..

437 413 519 506 Gap.
552 415 731 486 oxxxr.

161 547 367 635 Theotimus,
377 547 531 635 Scythiae
541 549 716 617 Tomorum
732 553 957 638 episcopusin
968 576 1090 618 morem

76 638 279 724 dialogorum
311 641 343 703 et
365 639 483 704 veteris
506 640 710 726 eloquentiae
732 640 844 706 breves
868 642 1091 708 commaticos-

76 748 133 812 que
156 730 320 792 traotatus
344 727 473 834 edidit
499 727 606 794 Audio
630 750 704 794 eum
727 732 759 794 et
783 730 847 794 alia
871 729 1019 838 seribere.

425 909 508 1000 (παρ.
540 907 743 981 oxxxu.
826 997 829 1004 ¹
1110 938 1127 986 a

162 1045 300 1128 Dexter,
323 1043 455 1110 Paoiani
483 1045 522 1110 de
550 1067 613 1131 quo
643 1067 742 1130 supra
770 1045 837 1111 dixi
858 1047 958 1127 filius,
984 1047 1092 1113 clarus

77 1133 115 1198 ad
147 1134 313 1198 saeculum
346 1137 380 1198 et
407 1131 532 1199 Christi
564 1133 638 1199 fidei
654 1167 656 1170 ·
670 1135 810 1218 deditus,
842 1134 944 1200 fertur
972 1133 1013 1201 ad
1040 1157 1091 1202 me

77 1222 298 1287 omnimodam
321 1221 493 1288 historiam
515 1224 665 1308 texuisse,
688 1245 786 1307 quam
808 1223 944 1290 noudum
968 1226 1043 1310 legi.

349 1389 351 1394 ’
412 1403 494 1494 cap.
526 1403 751 1474 oxxxrrr.

162 1539 423 1624 Amphilochius,
441 1539 545 1606 Iconii
563 1539 732 1626 episeopus
750 1562 854 1628 nuper
871 1540 952 1606 mihi
970 1541 1089 1608 librum
1110 1559 1145 1606 10

77 1629 157 1716 legit
176 1625 228 1692 ‘de
248 1628 366 1713 spiritu
381 1627 517 1713 sanoto',
535 1630 621 1715 quod
642 1630 730 1714 deus,
754 1633 787 1694 et
800 1629 886 1716 quod
899 1629 1092 1709 adorandus,

75 1715 225 1802 quodque
249 1717 453 1802 omnipotens
478 1719 529 1782 sit.

418 1897 500 1988 esp.
532 1897 749 1968 dxxxiv.

164 2032 587 2118 Sophroniasviradprime
595 2033 749 2119 eruditus,
757 2032 881 2100 ‘laudes
889 2033 1091 2100 Bethlehem'

76 2123 180 2188 adhue
198 2143 281 2206 puer
299 2126 332 2187 et
349 2145 454 2208 nuper
473 2122 523 2188 ‘de
543 2123 751 2188 subversione
771 2121 912 2206 Serapis’
930 2123 1092 2208 insignem
1113 2141 1145 2190 15

76 2211 197 2276 librum
206 2212 400 2294 composuit,
414 2211 465 2276 ‘de
475 2210 677 2298 virginitate'
692 2232 819 2296 quoque
829 2210 869 2275 ad
878 2209 1094 2276 Eustachium

77 2304 108 2364 et
121 2301 226 2364 vitam
240 2297 422 2365 Hilarionis
440 2299 606 2386 monachi3
627 2300 782 2385 opuscula
800 2321 873 2366 mea
892 2299 927 2363 in
942 2319 1093 2384 graecum

77 2409 260 2454 sennonem
283 2388 524 2473 elegantissime
546 2389 730 2474 transtulit,
753 2387 943 2473 psalterium
966 2409 1092 2472 quoque

78 2480 109 2540 et
126 2476 318 2561 prophetas,
337 2498 418 2562 quos
436 2498 496 2542 nos
516 2478 555 2542 de
568 2476 709 2543 hebraeo
722 2477 878 2542 vertimus
897 2477 932 2540 in
945 2477 1093 2544 latinum.

432 2657 514 2748 Oop.
547 2655 697 2728 CXXX
703 2656 740 2727 V.
1112 2682 1148 2730 so

165 2793 400 2878 Hieronymus,
414 2765 511 2859 natus
525 2797 617 2878 patre
627 2793 779 2877 Eusebio,
793 2793 913 2878 oppido
924 2791 1096 2876 stridonis,

76 2882 164 2968 quod
193 2905 213 2946 a
243 2879 362 2948 Gothis
390 2903 536 2948 eversum
564 2882 748 2948 Dalmatiae
777 2881 938 2967 quondam
964 2879 1093 2945 Panno-

244 2971 417 3073 ΜΨ
544 2971 948 3124 uersutus.
965 2991 1094 3122 usa

75 3057 660 3232 1ls‘larilsitin‹brrilobirdi‹'),sl‘leplihbilriialibsmxald
675 3109 833 3212 diversos'
851 3079 971 3212 lilimh
984 3169 1101 3229 unum,
1112 3167 1148 3218 25

149 3310 164 3358 3
180 3303 258 3358 Vota
275 3302 487 3360 ffleobeorum
543 3311 559 3358 6
573 3303 685 3358 Baraba
700 3302 847 3358 Paratiani
860 3302 938 3372 prius
951 3299 1094 3372 praefecti,

77 3391 151 3428 nuno
170 3373 310 3444 praetoris
329 3374 364 3430 de
382 3391 438 3444 quo
457 3391 542 3444 supra
560 3374 680 3428 diximus
697 3373 771 3428 filius
845 3379 877 3426 12
896 3372 1007 3426 Bamb.:
1026 3386 1094 3437 quo·

79 3461 133 3511 que
209 3451 241 3498 17
260 3444 371 3502 Bamb.=
391 3445 425 3500 de
443 3446 504 3500 vita
575 3451 608 3498 21
629 3443 741 3500 Bamb:
760 3443 873 3514 Hieron.
892 3441 1037 3511 presbyter

81 3520 115 3568 25
133 3513 212 3570 Vah:
232 3515 269 3570 ad
287 3515 410 3571 diversos
428 3515 495 3570 libri

131 3613 251 3666 Herdlng,
264 3613 426 3664 Hieronymus.
865 3606 881 3652 5
