<?xml version="1.0" encoding="UTF-8"?>
<!DOCTYPE html PUBLIC "-//W3C//DTD XHTML 1.0 Transitional//EN"
    "http://www.w3.org/TR/xhtml1/DTD/xhtml1-transitional.dtd">
<html xmlns="http://www.w3.org/1999/xhtml" xml:lang="en" lang="en">
 <head>
  <title>
</title>
<meta http-equiv="Content-Type" content="text/html;charset=utf-8" />
  <meta name='ocr-system' content='tesseract 3.04.00' />
  <meta name='ocr-capabilities' content='ocr_page ocr_carea ocr_par ocr_line ocrx_word'/>
</head>
<body>
  <div class='ocr_page' id='page_1' title='image "./devirisinlustri00herdgoog_0156.png"; bbox 0 0 2552 4048; ppageno 0'>
   <div class='ocr_carea' id='block_1_1' title="bbox 532 213 772 322">
    <p class='ocr_par' dir='ltr' id='par_1_1' title="bbox 532 213 772 322">
     <span class='ocr_line' id='line_1_1' title="bbox 532 213 772 322; baseline 0.004 -1"><span class='ocrx_word' id='word_1_1' title='bbox 532 213 772 322; x_wconf 58' lang='lat'>4104-</span> 
     </span>
    </p>
   </div>
   <div class='ocr_carea' id='block_1_2' title="bbox 147 395 1168 549">
    <p class='ocr_par' dir='ltr' id='par_1_2' title="bbox 147 395 1168 549">
     <span class='ocr_line' id='line_1_2' title="bbox 147 395 1168 549; baseline 0.004 -87"><span class='ocrx_word' id='word_1_2' title='bbox 147 395 211 549; x_wconf 51' lang='lat' dir='ltr'>pipd</span> <span class='ocrx_word' id='word_1_3' title='bbox 229 417 290 482; x_wconf 82' lang='lat' dir='ltr'>ego</span> <span class='ocrx_word' id='word_1_4' title='bbox 308 418 375 464; x_wconf 91' lang='lat' dir='ltr'>non</span> <span class='ocrx_word' id='word_1_5' title='bbox 393 398 469 485; x_wconf 81' lang='lat' dir='ltr'>legi.</span> <span class='ocrx_word' id='word_1_6' title='bbox 499 398 639 465; x_wconf 89' lang='lat' dir='ltr'>Moritur</span> <span class='ocrx_word' id='word_1_7' title='bbox 652 398 760 464; x_wconf 84' lang='lat' dir='ltr'>Leone</span> <span class='ocrx_word' id='word_1_8' title='bbox 780 402 813 466; x_wconf 92' lang='lat' dir='ltr'>et</span> <span class='ocrx_word' id='word_1_9' title='bbox 826 398 1005 466; x_wconf 75' lang='lat' dir='ltr'>Maioriano</span> <span class='ocrx_word' id='word_1_10' title='bbox 1025 421 1168 488; x_wconf 77' lang='lat' dir='ltr'>regnan-</span> 
     </span>
     <span class='ocr_line' id='line_1_3' title="bbox 197 507 244 549; baseline 0 0"><span class='ocrx_word' id='word_1_11' title='bbox 197 507 244 549; x_wconf 91' lang='lat' dir='ltr'>us.</span> 
     </span>
    </p>
   </div>
   <div class='ocr_carea' id='block_1_3' title="bbox 505 633 802 727">
    <p class='ocr_par' dir='ltr' id='par_1_3' title="bbox 505 633 802 727">
     <span class='ocr_line' id='line_1_4' title="bbox 505 633 802 727; baseline 0 -21"><span class='ocrx_word' id='word_1_12' title='bbox 505 633 587 727; x_wconf 83' lang='lat' dir='ltr'>Cap.</span> <span class='ocrx_word' id='word_1_13' title='bbox 614 633 802 706; x_wconf 86' lang='lat' dir='ltr'><strong><em>LXXXI.</em></strong></span> 
     </span>
    </p>
   </div>
   <div class='ocr_carea' id='block_1_4' title="bbox 115 770 1169 1300">
    <p class='ocr_par' dir='ltr' id='par_1_4' title="bbox 241 770 1169 859">
     <span class='ocr_line' id='line_1_5' title="bbox 241 770 1169 859; baseline 0.004 -23"><span class='ocrx_word' id='word_1_14' title='bbox 241 770 434 837; x_wconf 74' lang='lat' dir='ltr'><strong>Vincentius</strong></span> <span class='ocrx_word' id='word_1_15' title='bbox 461 773 640 859; x_wconf 70' lang='lat' dir='ltr'>presbyter,</span> <span class='ocrx_word' id='word_1_16' title='bbox 670 775 803 838; x_wconf 87' lang='lat' dir='ltr'>natione</span> <span class='ocrx_word' id='word_1_17' title='bbox 826 772 954 859; x_wconf 77' lang='lat' dir='ltr'><strong>Gallus,</strong></span> <span class='ocrx_word' id='word_1_18' title='bbox 981 774 1017 838; x_wconf 91' lang='lat' dir='ltr'>in</span> <span class='ocrx_word' id='word_1_19' title='bbox 1045 775 1169 840; x_wconf 84' lang='lat' dir='ltr'>divinis</span> 
     </span>
    </p>

    <p class='ocr_par' dir='ltr' id='par_1_5' title="bbox 115 859 1169 1300">
     <span class='ocr_line' id='line_1_6' title="bbox 115 859 1169 951; baseline 0.001 -24"><span class='ocrx_word' id='word_1_20' title='bbox 115 877 132 927; x_wconf 78' lang='lat' dir='ltr'>c</span> <span class='ocrx_word' id='word_1_21' title='bbox 153 859 323 944; x_wconf 89' lang='lat' dir='ltr'>scripturis</span> <span class='ocrx_word' id='word_1_22' title='bbox 338 861 541 951; x_wconf 84' lang='lat' dir='ltr'>exercitatus,</span> <span class='ocrx_word' id='word_1_23' title='bbox 559 862 706 948; x_wconf 80' lang='lat' dir='ltr'>lingnam</span> <span class='ocrx_word' id='word_1_24' title='bbox 727 862 851 929; x_wconf 80' lang='lat' dir='ltr'>habens</span> <span class='ocrx_word' id='word_1_25' title='bbox 870 883 932 928; x_wconf 88' lang='lat' dir='ltr'>usu</span> <span class='ocrx_word' id='word_1_26' title='bbox 954 863 1109 949; x_wconf 86' lang='lat' dir='ltr'>loquendi</span> <span class='ocrx_word' id='word_1_27' title='bbox 1133 868 1169 928; x_wconf 92' lang='lat' dir='ltr'>et</span> 
     </span>
     <span class='ocr_line' id='line_1_7' title="bbox 152 947 1169 1038; baseline 0.004 -24"><span class='ocrx_word' id='word_1_28' title='bbox 152 947 276 1016; x_wconf 90' lang='lat' dir='ltr'>maiore</span> <span class='ocrx_word' id='word_1_29' title='bbox 299 949 438 1016; x_wconf 91' lang='lat' dir='ltr'>lectione</span> <span class='ocrx_word' id='word_1_30' title='bbox 456 950 594 1033; x_wconf 89' lang='lat' dir='ltr'>politam</span> <span class='ocrx_word' id='word_1_31' title='bbox 613 954 849 1018; x_wconf 82' lang='lat' dir='ltr'>commentatus</span> <span class='ocrx_word' id='word_1_32' title='bbox 868 954 919 1020; x_wconf 83' lang='lat' dir='ltr'>est</span> <span class='ocrx_word' id='word_1_33' title='bbox 937 949 983 1016; x_wconf 74' lang='lat' dir='ltr'>‘in</span> <span class='ocrx_word' id='word_1_34' title='bbox 1000 951 1169 1038; x_wconf 83' lang='lat' dir='ltr'>psalmos&#39;.</span> 
     </span>
     <span class='ocr_line' id='line_1_8' title="bbox 151 1035 1167 1125; baseline 0.003 -22"><span class='ocrx_word' id='word_1_35' title='bbox 151 1035 250 1104; x_wconf 81' lang='lat' dir='ltr'>Cuius</span> <span class='ocrx_word' id='word_1_36' title='bbox 273 1038 380 1123; x_wconf 88' lang='lat' dir='ltr'>operis</span> <span class='ocrx_word' id='word_1_37' title='bbox 402 1039 485 1125; x_wconf 81' lang='lat' dir='ltr'>legit</span> <span class='ocrx_word' id='word_1_38' title='bbox 508 1039 618 1124; x_wconf 88' lang='lat' dir='ltr'>aliqua</span> <span class='ocrx_word' id='word_1_39' title='bbox 639 1040 766 1106; x_wconf 89' lang='lat' dir='ltr'>homini</span> <span class='ocrx_word' id='word_1_40' title='bbox 783 1039 845 1105; x_wconf 91' lang='lat' dir='ltr'>Dei</span> <span class='ocrx_word' id='word_1_41' title='bbox 869 1039 1012 1107; x_wconf 79' lang='lat' dir='ltr'>Cannati</span> <span class='ocrx_word' id='word_1_42' title='bbox 1034 1062 1087 1106; x_wconf 87' lang='lat' dir='ltr'>me</span> <span class='ocrx_word' id='word_1_43' title='bbox 1110 1063 1167 1106; x_wconf 90' lang='lat' dir='ltr'>au·</span> 
     </span>
     <span class='ocr_line' id='line_1_9' title="bbox 152 1126 1167 1214; baseline 0.004 -23"><span class='ocrx_word' id='word_1_44' title='bbox 152 1126 275 1212; x_wconf 88' lang='lat' dir='ltr'>diente,</span> <span class='ocrx_word' id='word_1_45' title='bbox 302 1127 497 1212; x_wconf 87' lang='lat' dir='ltr'>promittens</span> <span class='ocrx_word' id='word_1_46' title='bbox 526 1128 635 1214; x_wconf 78' lang='lat' dir='ltr'>simul,</span> <span class='ocrx_word' id='word_1_47' title='bbox 663 1129 689 1194; x_wconf 90' lang='lat' dir='ltr'>si</span> <span class='ocrx_word' id='word_1_48' title='bbox 714 1127 876 1196; x_wconf 86' lang='lat' dir='ltr'>Dominus</span> <span class='ocrx_word' id='word_1_49' title='bbox 899 1130 1000 1194; x_wconf 80' lang='lat' dir='ltr'>vitam</span> <span class='ocrx_word' id='word_1_50' title='bbox 1023 1132 1057 1194; x_wconf 91' lang='lat' dir='ltr'>et</span> <span class='ocrx_word' id='word_1_51' title='bbox 1079 1130 1167 1196; x_wconf 84' lang='lat' dir='ltr'>vires</span> 
     </span>
     <span class='ocr_line' id='line_1_10' title="bbox 151 1215 1167 1300; baseline 0.006 -21"><span class='ocrx_word' id='word_1_52' title='bbox 151 1215 255 1300; x_wconf 87' lang='lat' dir='ltr'>daret,</span> <span class='ocrx_word' id='word_1_53' title='bbox 277 1236 312 1280; x_wconf 92' lang='lat' dir='ltr'>se</span> <span class='ocrx_word' id='word_1_54' title='bbox 334 1215 370 1280; x_wconf 91' lang='lat' dir='ltr'>in</span> <span class='ocrx_word' id='word_1_55' title='bbox 392 1218 463 1282; x_wconf 92' lang='lat' dir='ltr'>toto</span> <span class='ocrx_word' id='word_1_56' title='bbox 486 1217 640 1300; x_wconf 86' lang='lat' dir='ltr'>psalterio</span> <span class='ocrx_word' id='word_1_57' title='bbox 664 1217 777 1283; x_wconf 88' lang='lat' dir='ltr'>eodem</span> <span class='ocrx_word' id='word_1_58' title='bbox 802 1219 910 1284; x_wconf 88' lang='lat' dir='ltr'>studio</span> <span class='ocrx_word' id='word_1_59' title='bbox 932 1218 1167 1285; x_wconf 75' lang='lat' dir='ltr'>laboraturum.</span> 
     </span>
    </p>
   </div>
   <div class='ocr_carea' id='block_1_5' title="bbox 96 1451 821 1542">
    <p class='ocr_par' dir='ltr' id='par_1_6' title="bbox 96 1451 821 1542">
     <span class='ocr_line' id='line_1_11' title="bbox 96 1451 821 1542; baseline 0.003 -21"><span class='ocrx_word' id='word_1_60' title='bbox 96 1483 131 1531; x_wconf 73' lang='lat'>10</span> <span class='ocrx_word' id='word_1_61' title='bbox 506 1451 821 1542; x_wconf 65' lang='lat' dir='ltr'>capcxxrn.</span> 
     </span>
    </p>
   </div>
   <div class='ocr_carea' id='block_1_6' title="bbox 99 1587 1171 2120">
    <p class='ocr_par' dir='ltr' id='par_1_7' title="bbox 150 1587 1170 1942">
     <span class='ocr_line' id='line_1_12' title="bbox 240 1587 1168 1675; baseline 0.002 -21"><span class='ocrx_word' id='word_1_62' title='bbox 240 1587 358 1673; x_wconf 82' lang='lat' dir='ltr'>Cyrus,</span> <span class='ocrx_word' id='word_1_63' title='bbox 378 1609 494 1675; x_wconf 81' lang='lat' dir='ltr'>genere</span> <span class='ocrx_word' id='word_1_64' title='bbox 509 1589 759 1670; x_wconf 85' lang='lat' dir='ltr'>Alexandrinus,</span> <span class='ocrx_word' id='word_1_65' title='bbox 778 1592 846 1655; x_wconf 88' lang='lat' dir='ltr'>arte</span> <span class='ocrx_word' id='word_1_66' title='bbox 865 1588 1018 1674; x_wconf 88' lang='lat' dir='ltr'>medicus,</span> <span class='ocrx_word' id='word_1_67' title='bbox 1036 1611 1076 1654; x_wconf 82' lang='lat' dir='ltr'>cx</span> <span class='ocrx_word' id='word_1_68' title='bbox 1095 1590 1168 1674; x_wconf 90' lang='lat' dir='ltr'>phi·</span> 
     </span>
     <span class='ocr_line' id='line_1_13' title="bbox 150 1677 1170 1764; baseline 0.004 -24"><span class='ocrx_word' id='word_1_69' title='bbox 150 1677 288 1760; x_wconf 89' lang='lat' dir='ltr'>losopho</span> <span class='ocrx_word' id='word_1_70' title='bbox 312 1678 506 1763; x_wconf 90' lang='lat' dir='ltr'>monachus,</span> <span class='ocrx_word' id='word_1_71' title='bbox 524 1679 574 1742; x_wconf 85' lang='lat' dir='ltr'>vir</span> <span class='ocrx_word' id='word_1_72' title='bbox 597 1678 723 1744; x_wconf 88' lang='lat' dir='ltr'>dicendi</span> <span class='ocrx_word' id='word_1_73' title='bbox 745 1679 878 1764; x_wconf 88' lang='lat' dir='ltr'>peritus,</span> <span class='ocrx_word' id='word_1_74' title='bbox 902 1677 1033 1763; x_wconf 84' lang='lat' dir='ltr'>scripsit</span> <span class='ocrx_word' id='word_1_75' title='bbox 1057 1678 1170 1744; x_wconf 86' lang='lat' dir='ltr'>adver-</span> 
     </span>
     <span class='ocr_line' id='line_1_14' title="bbox 152 1765 1169 1854; baseline 0 -23"><span class='ocrx_word' id='word_1_76' title='bbox 152 1788 207 1832; x_wconf 80' lang='lat' dir='ltr'>sus</span> <span class='ocrx_word' id='word_1_77' title='bbox 221 1765 410 1832; x_wconf 73' lang='lat' dir='ltr'>Nestorium</span> <span class='ocrx_word' id='word_1_78' title='bbox 428 1767 518 1852; x_wconf 90' lang='lat' dir='ltr'>prius</span> <span class='ocrx_word' id='word_1_79' title='bbox 539 1767 705 1854; x_wconf 78' lang='lat' dir='ltr'>eleganter</span> <span class='ocrx_word' id='word_1_80' title='bbox 725 1773 757 1833; x_wconf 92' lang='lat' dir='ltr'>et</span> <span class='ocrx_word' id='word_1_81' title='bbox 775 1767 911 1849; x_wconf 84' lang='lat' dir='ltr'>fortiter,</span> <span class='ocrx_word' id='word_1_82' title='bbox 930 1767 1025 1832; x_wconf 89' lang='lat' dir='ltr'>modo</span> <span class='ocrx_word' id='word_1_83' title='bbox 1046 1772 1169 1850; x_wconf 89' lang='lat' dir='ltr'>antem,</span> 
     </span>
     <span class='ocr_line' id='line_1_15' title="bbox 152 1855 1168 1942; baseline 0.001 -22"><span class='ocrx_word' id='word_1_84' title='bbox 152 1855 229 1920; x_wconf 88' lang='lat' dir='ltr'>dum</span> <span class='ocrx_word' id='word_1_85' title='bbox 252 1855 288 1920; x_wconf 90' lang='lat' dir='ltr'>in</span> <span class='ocrx_word' id='word_1_86' title='bbox 310 1855 403 1920; x_wconf 91' lang='lat' dir='ltr'>illum</span> <span class='ocrx_word' id='word_1_87' title='bbox 431 1855 550 1920; x_wconf 89' lang='lat' dir='ltr'>nimius</span> <span class='ocrx_word' id='word_1_88' title='bbox 578 1857 745 1922; x_wconf 87' lang='lat' dir='ltr'>invehitur</span> <span class='ocrx_word' id='word_1_89' title='bbox 772 1860 805 1922; x_wconf 88' lang='lat' dir='ltr'>ct</span> <span class='ocrx_word' id='word_1_90' title='bbox 830 1856 1030 1942; x_wconf 81' lang='lat' dir='ltr'>syllogismis</span> <span class='ocrx_word' id='word_1_91' title='bbox 1058 1857 1168 1940; x_wconf 84' lang='lat' dir='ltr'>magis</span> 
     </span>
    </p>

    <p class='ocr_par' dir='ltr' id='par_1_8' title="bbox 99 1943 1171 2120">
     <span class='ocr_line' id='line_1_16' title="bbox 99 1943 1171 2032; baseline -0.001 -22"><span class='ocrx_word' id='word_1_92' title='bbox 99 1961 132 2010; x_wconf 81' lang='lat'>15</span> <span class='ocrx_word' id='word_1_93' title='bbox 153 1967 250 2030; x_wconf 91' lang='lat' dir='ltr'>qnam</span> <span class='ocrx_word' id='word_1_94' title='bbox 279 1945 447 2029; x_wconf 91' lang='lat' dir='ltr'>scripturis</span> <span class='ocrx_word' id='word_1_95' title='bbox 476 1945 592 2032; x_wconf 81' lang='lat' dir='ltr'>agitur,</span> <span class='ocrx_word' id='word_1_96' title='bbox 615 1945 889 2012; x_wconf 77' lang='lat' dir='ltr'>Thimotheanum</span> <span class='ocrx_word' id='word_1_97' title='bbox 917 1944 1035 2030; x_wconf 84' lang='lat' dir='ltr'>dogma</span> <span class='ocrx_word' id='word_1_98' title='bbox 1057 1943 1171 2009; x_wconf 86' lang='lat' dir='ltr'>fovere</span> 
     </span>
     <span class='ocr_line' id='line_1_17' title="bbox 151 2031 1169 2120; baseline -0.001 -22"><span class='ocrx_word' id='word_1_99' title='bbox 151 2034 266 2118; x_wconf 89' lang='lat' dir='ltr'>coepit.</span> <span class='ocrx_word' id='word_1_100' title='bbox 311 2033 460 2119; x_wconf 90' lang='lat' dir='ltr'>Denique</span> <span class='ocrx_word' id='word_1_101' title='bbox 492 2033 664 2120; x_wconf 86' lang='lat' dir='ltr'>ambiguus</span> <span class='ocrx_word' id='word_1_102' title='bbox 692 2035 790 2100; x_wconf 89' lang='lat' dir='ltr'>etiam</span> <span class='ocrx_word' id='word_1_103' title='bbox 819 2035 869 2100; x_wconf 92' lang='lat' dir='ltr'>sui</span> <span class='ocrx_word' id='word_1_104' title='bbox 902 2031 1071 2118; x_wconf 90' lang='lat' dir='ltr'>suspendit</span> <span class='ocrx_word' id='word_1_105' title='bbox 1100 2033 1169 2098; x_wconf 90' lang='lat' dir='ltr'>ani-</span> 
     </span>
    </p>
   </div>
   <div class='ocr_carea' id='block_1_7' title="bbox 150 2120 1273 2207">
    <p class='ocr_par' dir='ltr' id='par_1_9' title="bbox 150 2120 1273 2207">
     <span class='ocr_line' id='line_1_18' title="bbox 150 2120 1273 2207; baseline 0 -21"><span class='ocrx_word' id='word_1_106' title='bbox 150 2143 240 2186; x_wconf 91' lang='lat' dir='ltr'>mum</span> <span class='ocrx_word' id='word_1_107' title='bbox 256 2144 276 2186; x_wconf 91' lang='lat' dir='ltr'>a</span> <span class='ocrx_word' id='word_1_108' title='bbox 289 2143 448 2188; x_wconf 89' lang='lat' dir='ltr'>conensu</span> <span class='ocrx_word' id='word_1_109' title='bbox 463 2120 735 2190; x_wconf 74' lang='lat' dir='ltr'>Chalcedonensis</span> <span class='ocrx_word' id='word_1_110' title='bbox 750 2123 870 2189; x_wconf 79' lang='lat' dir='ltr'>decreti</span> <span class='ocrx_word' id='word_1_111' title='bbox 888 2143 948 2188; x_wconf 89' lang='lat' dir='ltr'>nec</span> <span class='ocrx_word' id='word_1_112' title='bbox 962 2122 1170 2207; x_wconf 88' lang='lat' dir='ltr'>acquiescen-</span> <span class='ocrx_word' id='word_1_113' title='bbox 1272 2121 1273 2198; x_wconf 51' lang='grc' dir='ltr'><strong>ᾗ</strong></span> 
     </span>
    </p>
   </div>
   <div class='ocr_carea' id='block_1_8' title="bbox 152 2209 1171 2366">
    <p class='ocr_par' dir='ltr' id='par_1_10' title="bbox 152 2209 1171 2366">
     <span class='ocr_line' id='line_1_19' title="bbox 152 2209 1171 2298; baseline 0.002 -24"><span class='ocrx_word' id='word_1_114' title='bbox 152 2209 229 2274; x_wconf 89' lang='lat' dir='ltr'>dum</span> <span class='ocrx_word' id='word_1_115' title='bbox 242 2212 339 2295; x_wconf 86' lang='lat' dir='ltr'>putat</span> <span class='ocrx_word' id='word_1_116' title='bbox 351 2210 470 2277; x_wconf 87' lang='lat' dir='ltr'>Filium</span> <span class='ocrx_word' id='word_1_117' title='bbox 488 2212 550 2278; x_wconf 92' lang='lat' dir='ltr'>Dei</span> <span class='ocrx_word' id='word_1_118' title='bbox 569 2212 692 2278; x_wconf 88' lang='lat' dir='ltr'>duabus</span> <span class='ocrx_word' id='word_1_119' title='bbox 710 2216 788 2298; x_wconf 90' lang='lat' dir='ltr'>post</span> <span class='ocrx_word' id='word_1_120' title='bbox 809 2211 1069 2278; x_wconf 78' lang='lat' dir='ltr'>incarnationem</span> <span class='ocrx_word' id='word_1_121' title='bbox 1092 2232 1171 2276; x_wconf 90' lang='lat' dir='ltr'>eon·</span> 
     </span>
     <span class='ocr_line' id='line_1_20' title="bbox 152 2301 395 2366; baseline 0.012 -3"><span class='ocrx_word' id='word_1_122' title='bbox 152 2302 239 2364; x_wconf 85' lang='lat' dir='ltr'>stare</span> <span class='ocrx_word' id='word_1_123' title='bbox 261 2301 395 2366; x_wconf 87' lang='lat' dir='ltr'>naturis.</span> 
     </span>
    </p>
   </div>
   <div class='ocr_carea' id='block_1_9' title="bbox 98 2447 839 2538">
    <p class='ocr_par' dir='ltr' id='par_1_11' title="bbox 98 2447 839 2538">
     <span class='ocr_line' id='line_1_21' title="bbox 98 2447 839 2538; baseline 0.001 -21"><span class='ocrx_word' id='word_1_124' title='bbox 98 2481 133 2532; x_wconf 71' lang='lat'>20</span> <span class='ocrx_word' id='word_1_125' title='bbox 485 2447 567 2538; x_wconf 69' lang='lat' dir='ltr'>cap.</span> <span class='ocrx_word' id='word_1_126' title='bbox 595 2447 839 2519; x_wconf 78' lang='lat' dir='ltr'><strong><em>LXXXIII..</em></strong></span> 
     </span>
    </p>
   </div>
   <div class='ocr_carea' id='block_1_10' title="bbox 153 2579 1169 2936">
    <p class='ocr_par' dir='ltr' id='par_1_12' title="bbox 153 2579 1169 2936">
     <span class='ocr_line' id='line_1_22' title="bbox 243 2579 1169 2672; baseline 0.004 -26"><span class='ocrx_word' id='word_1_127' title='bbox 243 2579 388 2668; x_wconf 84' lang='lat' dir='ltr'>Samuel,</span> <span class='ocrx_word' id='word_1_128' title='bbox 401 2583 588 2650; x_wconf 85' lang='lat' dir='ltr'>Edessenae</span> <span class='ocrx_word' id='word_1_129' title='bbox 612 2586 765 2652; x_wconf 88' lang='lat' dir='ltr'>ecclesiae</span> <span class='ocrx_word' id='word_1_130' title='bbox 788 2587 965 2672; x_wconf 83' lang='lat' dir='ltr'>presbyter,</span> <span class='ocrx_word' id='word_1_131' title='bbox 987 2586 1091 2650; x_wconf 84' lang='lat' dir='ltr'>multa</span> <span class='ocrx_word' id='word_1_132' title='bbox 1115 2585 1169 2650; x_wconf 83' lang='lat' dir='ltr'>ad-</span> 
     </span>
     <span class='ocr_line' id='line_1_23' title="bbox 154 2673 1168 2760; baseline 0.002 -24"><span class='ocrx_word' id='word_1_133' title='bbox 154 2692 267 2737; x_wconf 90' lang='lat' dir='ltr'>versus</span> <span class='ocrx_word' id='word_1_134' title='bbox 291 2673 444 2738; x_wconf 89' lang='lat' dir='ltr'>ecclesiae</span> <span class='ocrx_word' id='word_1_135' title='bbox 466 2673 615 2740; x_wconf 91' lang='lat' dir='ltr'>inimicos</span> <span class='ocrx_word' id='word_1_136' title='bbox 630 2673 714 2760; x_wconf 85' lang='lat' dir='ltr'>Syro</span> <span class='ocrx_word' id='word_1_137' title='bbox 739 2697 888 2742; x_wconf 88' lang='lat' dir='ltr'>sermone</span> <span class='ocrx_word' id='word_1_138' title='bbox 911 2677 1097 2740; x_wconf 90' lang='lat' dir='ltr'>construere</span> <span class='ocrx_word' id='word_1_139' title='bbox 1121 2673 1168 2739; x_wconf 89' lang='lat' dir='ltr'>di·</span> 
     </span>
     <span class='ocr_line' id='line_1_24' title="bbox 153 2761 1168 2848; baseline 0.003 -23"><span class='ocrx_word' id='word_1_140' title='bbox 153 2761 251 2844; x_wconf 89' lang='lat' dir='ltr'>citur,</span> <span class='ocrx_word' id='word_1_141' title='bbox 280 2763 453 2848; x_wconf 90' lang='lat' dir='ltr'>praecipua</span> <span class='ocrx_word' id='word_1_142' title='bbox 479 2766 590 2828; x_wconf 91' lang='lat' dir='ltr'>tamen</span> <span class='ocrx_word' id='word_1_143' title='bbox 613 2764 794 2830; x_wconf 85' lang='lat' dir='ltr'>intentione</span> <span class='ocrx_word' id='word_1_144' title='bbox 817 2767 930 2830; x_wconf 89' lang='lat' dir='ltr'>contra</span> <span class='ocrx_word' id='word_1_145' title='bbox 951 2761 1168 2828; x_wconf 89' lang='lat' dir='ltr'>Nestorianos</span> 
     </span>
     <span class='ocr_line' id='line_1_25' title="bbox 154 2844 1167 2936; baseline 0.002 -23"><span class='ocrx_word' id='word_1_146' title='bbox 154 2851 187 2914; x_wconf 87' lang='lat' dir='ltr'>et</span> <span class='ocrx_word' id='word_1_147' title='bbox 217 2844 440 2936; x_wconf 76' lang='lat' dir='ltr'>Eutychianos</span> <span class='ocrx_word' id='word_1_148' title='bbox 474 2856 507 2918; x_wconf 90' lang='lat' dir='ltr'>et</span> <span class='ocrx_word' id='word_1_149' title='bbox 538 2851 773 2920; x_wconf 83' lang='lat' dir='ltr'>Timotheanos</span> <span class='ocrx_word' id='word_1_150' title='bbox 810 2853 970 2936; x_wconf 85' lang='lat' dir='ltr'>novellos,</span> <span class='ocrx_word' id='word_1_151' title='bbox 1008 2851 1064 2916; x_wconf 88' lang='lat' dir='ltr'>sed</span> <span class='ocrx_word' id='word_1_152' title='bbox 1103 2851 1167 2916; x_wconf 93' lang='lat' dir='ltr'>sibi</span> 
     </span>
    </p>
   </div>
   <div class='ocr_carea' id='block_1_11' title="bbox 3 2937 1166 3027">
    <p class='ocr_par' dir='ltr' id='par_1_13' title="bbox 3 2937 1166 3027">
     <span class='ocr_line' id='line_1_26' title="bbox 3 2937 1166 3027; baseline 0.004 -28"><span class='ocrx_word' id='word_1_153' title='bbox 3 2975 4 2980; x_wconf 21' lang='grc' dir='ltr'><strong>κ</strong></span> <span class='ocrx_word' id='word_1_154' title='bbox 98 2939 133 2988; x_wconf 75' lang='lat'>25</span> <span class='ocrx_word' id='word_1_155' title='bbox 155 2937 298 3006; x_wconf 83' lang='lat' dir='ltr'>diversos</span> <span class='ocrx_word' id='word_1_156' title='bbox 321 2940 489 3007; x_wconf 89' lang='lat' dir='ltr'>hereticos.</span> <span class='ocrx_word' id='word_1_157' title='bbox 530 2940 625 3008; x_wconf 90' lang='lat' dir='ltr'>Unde</span> <span class='ocrx_word' id='word_1_158' title='bbox 649 2946 681 3006; x_wconf 89' lang='lat' dir='ltr'>et</span> <span class='ocrx_word' id='word_1_159' title='bbox 704 2941 890 3027; x_wconf 85' lang='lat' dir='ltr'>frequenter</span> <span class='ocrx_word' id='word_1_160' title='bbox 911 2939 1095 3006; x_wconf 84' lang='lat' dir='ltr'>triformem</span> <span class='ocrx_word' id='word_1_161' title='bbox 1113 2939 1166 3005; x_wconf 85' lang='lat' dir='ltr'>be-</span> 
     </span>
    </p>
   </div>
   <div class='ocr_carea' id='block_1_12' title="bbox 154 3027 1167 3116">
    <p class='ocr_par' dir='ltr' id='par_1_14' title="bbox 154 3027 1167 3116">
     <span class='ocr_line' id='line_1_27' title="bbox 154 3027 1167 3116; baseline 0.001 -25"><span class='ocrx_word' id='word_1_162' title='bbox 154 3027 251 3092; x_wconf 89' lang='lat' dir='ltr'>stiam</span> <span class='ocrx_word' id='word_1_163' title='bbox 275 3029 493 3096; x_wconf 85' lang='lat' dir='ltr'>ecclesiastica</span> <span class='ocrx_word' id='word_1_164' title='bbox 517 3028 656 3116; x_wconf 55' lang='lat' dir='ltr'>{insemel</span> <span class='ocrx_word' id='word_1_165' title='bbox 684 3030 845 3098; x_wconf 87' lang='lat' dir='ltr'>sententia</span> <span class='ocrx_word' id='word_1_166' title='bbox 873 3053 947 3096; x_wconf 91' lang='lat' dir='ltr'>cum</span> <span class='ocrx_word' id='word_1_167' title='bbox 970 3029 1167 3095; x_wconf 86' lang='lat' dir='ltr'>auctoritato</span> 
     </span>
    </p>
   </div>
   <div class='ocr_carea' id='block_1_13' title="bbox 151 3217 1166 3575">
    <p class='ocr_par' dir='ltr' id='par_1_15' title="bbox 151 3217 1166 3575">
     <span class='ocr_line' id='line_1_28' title="bbox 228 3217 1166 3278; baseline 0.001 -5"><span class='ocrx_word' id='word_1_168' title='bbox 228 3217 372 3274; x_wconf 82' lang='lat' dir='ltr'>1Bamb.:</span> <span class='ocrx_word' id='word_1_169' title='bbox 393 3221 535 3277; x_wconf 85' lang='lat' dir='ltr'>Marciano</span> <span class='ocrx_word' id='word_1_170' title='bbox 632 3223 762 3278; x_wconf 75' lang='lat' dir='ltr'>tBern.=</span> <span class='ocrx_word' id='word_1_171' title='bbox 781 3222 925 3278; x_wconf 83' lang='lat' dir='ltr'>Cannatae</span> <span class='ocrx_word' id='word_1_172' title='bbox 1017 3226 1051 3276; x_wconf 85' lang='lat'>14</span> <span class='ocrx_word' id='word_1_173' title='bbox 1069 3218 1166 3274; x_wconf 83' lang='lat' dir='ltr'>Bamb.</span> 
     </span>
     <span class='ocr_line' id='line_1_29' title="bbox 154 3290 1166 3362; baseline -0.001 -17"><span class='ocrx_word' id='word_1_174' title='bbox 154 3293 184 3346; x_wconf 85' lang='lat' dir='ltr'>et</span> <span class='ocrx_word' id='word_1_175' title='bbox 201 3290 318 3347; x_wconf 79' lang='lat' dir='ltr'>Veron:</span> <span class='ocrx_word' id='word_1_176' title='bbox 337 3290 367 3345; x_wconf 91' lang='lat' dir='ltr'>in</span> <span class='ocrx_word' id='word_1_177' title='bbox 385 3290 436 3347; x_wconf 86' lang='lat' dir='ltr'>illo</span> <span class='ocrx_word' id='word_1_178' title='bbox 454 3292 546 3347; x_wconf 88' lang='lat' dir='ltr'>minus</span> <span class='ocrx_word' id='word_1_179' title='bbox 564 3293 718 3362; x_wconf 80' lang='lat' dir='ltr'>invenitn13</span> <span class='ocrx_word' id='word_1_180' title='bbox 737 3293 833 3349; x_wconf 76' lang='lat' dir='ltr'>Bermz</span> <span class='ocrx_word' id='word_1_181' title='bbox 852 3293 882 3348; x_wconf 93' lang='lat' dir='ltr'>in</span> <span class='ocrx_word' id='word_1_182' title='bbox 900 3291 950 3347; x_wconf 89' lang='lat' dir='ltr'>illo</span> <span class='ocrx_word' id='word_1_183' title='bbox 969 3291 1072 3346; x_wconf 87' lang='lat' dir='ltr'>nimius</span> <span class='ocrx_word' id='word_1_184' title='bbox 1090 3291 1166 3345; x_wconf 85' lang='lat' dir='ltr'>inva-</span> 
     </span>
     <span class='ocr_line' id='line_1_30' title="bbox 151 3360 1097 3420; baseline 0.001 -4"><span class='ocrx_word' id='word_1_185' title='bbox 151 3362 228 3418; x_wconf 90' lang='lat' dir='ltr'>nitur</span> <span class='ocrx_word' id='word_1_186' title='bbox 310 3367 343 3416; x_wconf 86' lang='lat'>15</span> <span class='ocrx_word' id='word_1_187' title='bbox 362 3360 460 3418; x_wconf 88' lang='lat' dir='ltr'>Bamb.</span> <span class='ocrx_word' id='word_1_188' title='bbox 481 3365 509 3418; x_wconf 89' lang='lat' dir='ltr'>et</span> <span class='ocrx_word' id='word_1_189' title='bbox 527 3362 614 3418; x_wconf 84' lang='lat' dir='ltr'>Bern:</span> <span class='ocrx_word' id='word_1_190' title='bbox 633 3367 731 3420; x_wconf 85' lang='lat' dir='ltr'>auctor</span> <span class='ocrx_word' id='word_1_191' title='bbox 810 3369 844 3418; x_wconf 79' lang='lat'>24</span> <span class='ocrx_word' id='word_1_192' title='bbox 863 3364 958 3419; x_wconf 82' lang='lat' dir='ltr'>Rern:</span> <span class='ocrx_word' id='word_1_193' title='bbox 982 3362 1041 3418; x_wconf 84' lang='lat' dir='ltr'>sire</span> <span class='ocrx_word' id='word_1_194' title='bbox 1059 3361 1097 3416; x_wconf 85' lang='lat' dir='ltr'>ad</span> 
     </span>
     <span class='ocr_line' id='line_1_31' title="bbox 153 3432 1166 3502; baseline -0.001 -15"><span class='ocrx_word' id='word_1_195' title='bbox 153 3438 187 3487; x_wconf 82' lang='lat'>26</span> <span class='ocrx_word' id='word_1_196' title='bbox 207 3433 319 3489; x_wconf 85' lang='lat' dir='ltr'>Bamb:</span> <span class='ocrx_word' id='word_1_197' title='bbox 343 3433 562 3490; x_wconf 83' lang='lat' dir='ltr'>ecclesiasticam</span> <span class='ocrx_word' id='word_1_198' title='bbox 585 3437 672 3490; x_wconf 89' lang='lat' dir='ltr'>semel</span> <span class='ocrx_word' id='word_1_199' title='bbox 691 3435 876 3502; x_wconf 68' lang='lat' dir='ltr'>sententiam</span> <span class='ocrx_word' id='word_1_200' title='bbox 902 3433 984 3490; x_wconf 89' lang='lat' dir='ltr'>Bern.</span> <span class='ocrx_word' id='word_1_201' title='bbox 1004 3437 1034 3489; x_wconf 85' lang='lat' dir='ltr'>et</span> <span class='ocrx_word' id='word_1_202' title='bbox 1051 3432 1166 3488; x_wconf 81' lang='lat' dir='ltr'>Veron:</span> 
     </span>
     <span class='ocr_line' id='line_1_32' title="bbox 153 3502 1011 3575; baseline 0.001 -18"><span class='ocrx_word' id='word_1_203' title='bbox 153 3502 343 3560; x_wconf 87' lang='lat' dir='ltr'>ecclesiastica</span> <span class='ocrx_word' id='word_1_204' title='bbox 361 3503 495 3561; x_wconf 91' lang='lat' dir='ltr'>insemel</span> <span class='ocrx_word' id='word_1_205' title='bbox 514 3505 666 3574; x_wconf 83' lang='lat' dir='ltr'>sententia;</span> <span class='ocrx_word' id='word_1_206' title='bbox 686 3506 815 3575; x_wconf 90' lang='lat' dir='ltr'>(insemel</span> <span class='ocrx_word' id='word_1_207' title='bbox 833 3531 867 3552; x_wconf 62' lang='grc' dir='ltr'><strong>ει</strong></span> <span class='ocrx_word' id='word_1_208' title='bbox 885 3504 1011 3574; x_wconf 87' lang='lat' dir='ltr'>insimul)</span> 
     </span>
    </p>
   </div>
   <div class='ocr_carea' id='block_1_14' title="bbox 0 0 1280 4048">
    <p class='ocr_par' dir='ltr' id='par_1_16' title="bbox 0 0 1280 4048">
     <span class='ocr_line' id='line_1_33' title="bbox 0 0 1280 4048; baseline 0 0"><span class='ocrx_word' id='word_1_209' title='bbox 0 0 1280 4048; x_wconf 95' lang='lat' dir='ltr'> </span> 
     </span>
    </p>
   </div>
  </div>
 </body>
</html>
