2552 4048
579 250 617 260 ..
666 214 710 278 54
760 249 797 258 ..

545 375 626 466 cap.
660 373 835 446 oxxur.

270 511 463 580 Ambrosius
482 511 739 595 Alexandrinus·
755 511 883 578 auditor
900 509 1045 597 Didymi,
1069 511 1204 596 scripsit

182 602 335 668 aduersus
354 600 579 686 Apollinarem
601 600 754 666 volumen
777 600 954 665 multorum
966 621 1124 665 uersuum
1149 599 1202 665 ‘de

182 687 410 776 dogmatibus',
433 693 466 754 ct
483 694 521 754 ut
538 689 579 754 ed
603 709 654 752 me
672 709 776 772 nuper
795 687 935 773 quodum
953 691 1108 754 narrante
1126 710 1200 772 per-

147 793 163 843 5
182 779 285 844 letum
304 782 362 864 est,
381 777 631 844 commentarios
649 777 685 840 in
698 775 765 842 Iob.
801 774 913 861 Usque
932 777 1028 842 hodie
1044 781 1201 861 superest.

537 994 629 1085 cap
651 969 850 1065 oxum

270 1129 431 1197 Maximus
463 1129 692 1215 philosophus,
728 1132 825 1195 natus
853 1128 1083 1210 Alexandriae,
1115 1127 1200 1194 Con-

183 1218 395 1303 stantinopoli
424 1221 593 1304 episcopus
617 1219 799 1302 ordinatus,
832 1221 865 1282 et
896 1218 1009 1302 pulsus
1038 1218 1201 1304 insignem

182 1305 233 1372 ‘de
247 1305 323 1372 fide'
336 1308 505 1374 adversum
519 1309 662 1374 Arianos
682 1307 811 1390 scripsit
823 1307 951 1392 librum,
966 1329 1062 1392 quem
1076 1305 1200 1373 Medio-

133 1412 166 1460 lo
184 1395 252 1461 lani
275 1395 433 1462 Gratiano
457 1396 599 1482 principi
622 1395 719 1460 dedit.

522 1611 604 1702 Cup.
637 1611 860 1684 CXXVIII.

271 1746 457 1833 Gregorius,
481 1746 649 1834 Nyssenus
668 1749 849 1834 episcopus,
867 1750 968 1814 freter
985 1747 1102 1814 Basilii
1121 1747 1201 1816 an-

182 1836 343 1916 seriensis,
367 1839 442 1901 ente
462 1858 565 1902 annos
584 1859 706 1920 paucos
729 1838 809 1903 mihi
830 1841 862 1902 et
881 1837 1039 1923 Gregorio
1063 1837 1209 1904 Nasium·
1266 1897 1267 1908 2

182 1947 260 1991 zeno
281 1928 394 1992 contre
412 1924 609 1992 Eunomium
629 1926 710 2012 legit
727 1926 838 1992 libros.
876 1926 937 2003 Qui
957 1930 989 1992 et
1008 1927 1074 1992 elie
1096 1928 1202 1993 multa
1266 1913 1267 1950 ¹

131 2030 163 2079 15
183 2014 351 2098 scripsisse
376 2017 409 2080 et
432 2015 573 2080 scribere
596 2015 723 2082 dieitur.

543 2230 624 2322 Cup.
658 2230 836 2304 CXXIX.

270 2367 439 2451 Iohannes,
458 2364 682 2434 Antiochense
697 2370 850 2435 ecelesiae
868 2369 1047 2454 presbyter,
1064 2368 1202 2437 Eusebii
1264 2427 1265 2450 ἦ

181 2453 328 2519 Emiseni
349 2454 549 2540 Diodorique
569 2459 718 2542 sectator,
742 2457 845 2522 mults
863 2479 1056 2542 componere
1076 2457 1202 2544 dicitur,

182 2543 220 2607 de
245 2543 361 2628 quibus
384 2541 460 2628 περὶ
484 2540 671 2630 ἱερωσύνης
692 2547 821 2611 tentum
844 2547 917 2632 legi.

127 2770 161 2819 20
557 2760 638 2852 oap.
671 2760 827 2834 oxxn

270 2895 429 2982 Gelasius,
448 2894 625 2964 Caesareus
639 2898 844 2966 Palaestinae
861 2881 938 2983 pist
954 2899 1116 2965 Euscium
1135 2900 1201 2984 epi·
1262 2889 1263 2913 ³

181 3005 312 3068 scopus,
345 2986 489 3050 accurati
516 2986 685 3073 limatique
718 2987 874 3054 sermonis
903 2988 1008 3054 fertur
1040 2989 1203 3072 quaedem

181 3071 330 3156 scribere,
354 3072 412 3137 sed
434 3073 547 3139 celere.
1261 3073 1262 3143 i

252 3245 385 3300 7Bsmb.
406 3247 435 3300 et
456 3246 535 3302 Vnt:
554 3247 826 3319 Constantinopolim
935 3257 951 3306 9
974 3251 1053 3306 Vct:
1077 3251 1204 3310 Arrium.
1260 3281 1261 3308 1

182 3315 284 3372 Omnes
298 3315 409 3372 codices
420 3316 549 3374 omnibus
559 3317 629 3373 locis
640 3319 776 3375 scribunt:
791 3319 898 3389 Arrius,
908 3321 1020 3378 Arriani
1076 3329 1110 3376 12
1121 3323 1202 3378 Vota
1260 3309 1261 3371 i

180 3385 301 3443 Nisenus
353 3394 386 3443 19
399 3387 511 3444 Remu:
527 3389 562 3444 de
572 3387 674 3458 quibus
684 3389 780 3447 andivi
793 3391 875 3461 περὶ.
891 3410 960 3449 .nec
972 3392 1042 3463 legi3
1057 3393 1203 3450 Norint:

180 3455 215 3510 de
230 3457 331 3525 quibus
344 3477 431 3514 unum
441 3459 547 3515 litium
561 3459 620 3530 legi
674 3466 707 3515 21
726 3461 825 3518 Bemb.
836 3462 1014 3520 etNorimb.=
1027 3463 1204 3520 Eunomium
1259 3515 1260 3522 ,
