2552 4048
556 263 770 328 -18..

157 425 299 510 respexit
321 427 355 488 11
376 427 409 489 te
432 445 538 488 meum
566 423 667 488 totius
696 422 814 488 sacculi
838 421 994 488 solacium
1017 419 1099 484 mihi
1123 441 1172 485 re·
1267 431 1268 512 1

157 515 274 580 stituit
311 511 412 579 (ledat
435 514 474 578 de
498 513 612 577 ceteris
637 535 657 577 1
679 512 775 578 corde
798 533 870 578 meo
895 510 1000 576 omnis
1024 509 1173 592 tristitia,
1267 515 1268 592 1

161 603 237 687 quia
268 603 403 688 dragma
435 602 561 686 perdita
590 605 640 666 est
668 602 800 667 inventa
827 623 887 666 nec
913 603 1024 683 potest
1049 599 1172 663 habere
1267 621 1268 630 ²

158 693 265 756 locum
292 692 441 776 tristitia,
469 691 525 755 ubi
552 712 705 774 praesens
733 695 783 754 est
811 690 915 755 omnis
938 689 1081 772 laetitia3
1115 709 1172 771 per
1267 721 1268 764 ,

158 785 200 864 te,
218 781 263 844 fili
282 781 334 864 mi,
354 784 387 844 et
410 801 468 865 per
485 785 577 845 tuum
597 779 771 844 adventum
791 780 868 844 deus
892 778 973 841 mihi
991 777 1029 842 de
1049 777 1171 842 solacio
1199 784 1212 822 ⁵
1267 793 1268 862 ,

158 875 192 934 et
215 869 334 955 gaudio
357 869 432 953 plus
455 869 751 953 incomparabiliter
771 867 915 933 restituit
901 871 1035 951 tquam
1058 865 1183 930 infelix¹
1267 869 1268 948 ζ

157 961 233 1022 tuae
264 958 379 1042 perdit
371 959 454 1024 10nis
487 981 581 1024 casus
615 958 653 1022 de
686 957 796 1023 dolore
827 956 938 1021 intulit
970 955 1059 1070 cordi
1089 976 1172 1038 mec,

161 1048 246 1112 unde
265 1048 328 1112 sibi
346 1047 507 1132 regratior
525 1052 558 1112 et
577 1069 654 1112 suae
673 1047 850 1148 immensae
868 1046 982 1129 pietati
956 1043 1077 1110 11’.Ε1
1096 1065 1172 1108 con·
1267 1041 1268 1112 1

159 1157 253 1200 versa
281 1135 321 1200 ad
349 1159 482 1200 uxorem
506 1135 676 1202 Constant
653 1135 714 1200 tmi
741 1135 847 1220 ipsam
876 1133 989 1198 similit
990 1153 1024 1197 er
1051 1132 1172 1197 osculis
1267 1139 1268 1202 l

159 1228 192 1288 et
225 1224 426 1308 amplexibus
462 1225 585 1308 recepit
619 1225 720 1289 dulcit
706 1229 755 1288 ter
792 1224 876 1289 sicut
910 1244 1027 1286 nurum
1064 1229 1211 1307 suam31⁰

160 1316 381 1378 verumtamen
405 1314 489 1378 sicut
512 1313 550 1378 de
578 1313 638 1378 filii
661 1313 903 1397 recuperatione
927 1311 1102 1396 gaudebat,
1126 1273 1174 1374 itd
1267 1355 1268 1364 ,

159 1403 322 1467 ettmulo
351 1403 456 1488 magis
487 1403 526 1467 de
555 1406 667 1468 tantae
674 1402 841 1504 ‘coniugis
874 1423 951 1466 suae
979 1399 1173 1464 adductione

158 1491 281 1556 scilicet
308 1494 440 1574 propter
469 1513 560 1556 suam
592 1491 738 1575 inopiam
761 1495 795 1555 et
818 1492 916 1574 propt
917 1512 951 1554 er
974 1489 1022 1553 rei
1045 1487 1174 1574 magni-

157 1580 301 1644 tudinem
316 1601 383 1644 non
401 1579 543 1644 immerit
544 1603 563 1644 o
529 1581 653 1644 ttrist
639 1580 730 1644 ttaba
716 1583 778 1644 t.ur
810 1577 919 1644 Nurus
935 1581 1042 1642 autem
1057 1576 1173 1642 videns
1267 1627 1268 1648 ,

158 1689 285 1732 socrum
314 1690 406 1732 suam
434 1667 473 1732 de
502 1669 641 1734 adventu
674 1691 731 1732 suo
761 1668 989 1733 contristatam
1017 1667 1062 1732 sic
1090 1666 1124 1730 al
1125 1667 1171 1732 10-
1187 1677 1212 1716 15
1267 1649 1268 1744 l

159 1757 349 1842 quebatur
340 1779 445 1840 1psam
467 1757 591 1822 dicens:
1267 1751 1268 1822 1

105 1847 147 1912 29
250 1845 407 1911 ‘Domina
435 1868 507 1911 mea
534 1847 713 1926 carissima,
745 1846 784 1910 de
813 1846 952 1911 adventu
975 1866 1046 1910 meo
1069 1844 1173 1910 nolite
1267 1871 1268 1880 ¹

158 1934 359 2016 contristari,
387 1936 490 2000 nolite
518 1935 657 2001 sollicita
684 1957 766 2000 esse:
795 1935 880 2012 Quid
903 1933 1172 1999 manducabimus
1267 1931 1268 2010 ξ

147 2028 192 2105 et
222 2023 297 2107 quid
327 2023 498 2089 bibemus?
545 2023 613 2089 Scit
641 2025 727 2090 enim
754 2029 847 2109 pater
874 2028 985 2088 noster
1012 2023 1173 2106 caelestis,
1267 2055 1268 2088 z

159 2113 214 2197 qui
244 2134 303 2177 nos
331 2113 369 2176 de
398 2113 547 2179 manibus
575 2113 760 2198 iniquorum
788 2116 1004 2178 mercatorum
1033 2115 1066 2176 et
1087 2111 1171 2194 peri·
1186 2125 1212 2163 2⁰
1267 2107 1268 2184 1

159 2201 239 2265 culis
259 2201 359 2266 maris
384 2201 543 2287 liberavit,
562 2203 753 2286 quidnobis
772 2223 901 2267 neeesse
916 2202 967 2266 sit.
994 2200 1068 2284 Ipse
1083 2201 1171 2264 enirn
1267 2215 1268 2286 1

158 2290 213 2374 qui
244 2289 282 2354 de
310 2290 411 2356 tantis
439 2291 590 2375 periculis
618 2314 678 2356 nos
706 2292 861 2356 redimere
895 2290 1020 2356 curavit
1050 2311 1173 2374 nequa·
1267 2293 1268 2364 1

160 2400 256 2461 quam
279 2378 366 2442 fame
389 2379 569 2444 interficere
593 2381 759 2464 cogitavit,
781 2379 884 2466 ipsius
907 2379 1027 2445 etenim
1049 2379 1171 2444 incom-
1267 2375 1268 2404 ³

158 2466 389 2548 prehensibilis
422 2471 499 2532 sunt
531 2468 656 2534 iudicia
711 2467 763 2534 Sic
791 2491 868 2554 ergo
897 2468 990 2552 illud,
1018 2468 1105 2552 quod
1133 2467 1173 2531 de
1267 2537 1268 2542 η

159 2555 254 2620 nobis
273 2555 341 2620 eius
367 2555 677 2640 impraescrutabilis
696 2558 823 2624 consilii
842 2557 978 2622 altitudo
1003 2556 1214 2640 disposuisse
1267 2573 1268 2594 1

160 2643 341 2710 inevitabili
360 2646 556 2712 necessitate
580 2645 749 2730 adimpleri
772 2647 855 2711 licet.
887 2645 1075 2711 Habeamus
1095 2666 1174 2730 ergo
1267 2717 1268 2728 ,

160 2733 352 2817 patientiam
366 2737 399 2798 et
414 2756 487 2800 cum
506 2735 557 2800 dei
577 2735 736 2801 adiutorio
756 2736 887 2800 tandem
906 2739 1052 2800 nostram
1067 2755 1175 2798 emen·
1267 2731 1268 2766 1

161 2822 273 2887 demus
282 2827 519 2907 paupertatem.
537 2823 706 2910 Egoenim
717 2824 852 2890 consilio
863 2845 1018 2889 manuum
1028 2845 1174 2888 mearum
1267 2825 1268 2908 1

160 2914 194 2974 11
206 2911 371 2975 laboribus
387 2912 466 2977 meis
481 2935 539 2978 vos
553 2914 673 2979 iuvabo
693 2918 725 2978 et
745 2915 827 2978 bene
842 2917 878 2978 ut
898 2917 992 2996 spero
1008 2912 1067 2977 deo
1083 2911 1172 2976 adiu·
1267 2919 1268 2992 1

161 3003 257 3064 vante
276 2997 473 3066 lucrabimus
492 3024 611 3086 panem
629 3005 786 3068 nostrum.
814 3001 860 3066 Et
876 3001 1087 3067 nihilominus
1105 3022 1174 3065 non
1187 3018 1214 3056 8⁰

161 3088 293 3152 omnino
313 3109 414 3154 vacua
433 3091 515 3170 veni,
534 3091 590 3156 sed
613 3091 735 3176 aliquid
758 3091 796 3155 de
819 3113 901 3176 mco,
924 3113 987 3175 quo
1011 3089 1173 3154 mediante
1267 3127 1268 3172 ,

1267 3193 1268 3230 l

231 3271 247 3318 2
267 3263 381 3318 acorde
396 3263 434 3332 D,
453 3264 488 3316 de
503 3265 586 3320 corde
600 3265 636 3320 F.
709 3273 725 3320 3
745 3266 862 3336 dragma
876 3267 952 3321 codd.
968 3266 1018 3332 cfr.
1033 3265 1087 3321 Do.
1103 3263 1172 3319 Lae.

159 3340 205 3402 15,
223 3341 294 3405 &cp
374 3339 406 3388 15
425 3351 534 3388 socrum
554 3337 629 3390 codd.
713 3343 745 3392 1‘1
764 3337 913 3392 karissima
935 3338 1011 3391 codd
1090 3337 1173 3390 2011
1267 3337 1268 3372 l

160 3377 266 3462 addidi
349 3411 382 3460 21
402 3405 487 3460 maris
505 3405 639 3462 liberavit
656 3407 694 3476 D,
712 3425 763 3462 nos
780 3408 918 3464 redimere
937 3408 1046 3462 curavit
1063 3407 1101 3461 F

161 3483 195 3530 22
213 3493 265 3532 nos
284 3481 348 3532 ante
366 3477 401 3530 de
419 3477 505 3530 111111
520 3479 616 3547 posuit
634 3477 674 3545 F;
693 3484 801 3534 secana
818 3496 879 3534 sam
896 3479 1012 3534 10111111
1030 3479 1068 3532 D
1137 3484 1171 3532 30
1267 3499 1268 3504 ¹

159 3545 358 3602 nichilominus
377 3547 452 3602 codd
