2552 4048
525 271 719 380 —3.-

114 431 181 495 suis
201 430 243 494 ad
261 453 426 497 recessum
451 455 486 498 se
506 433 714 518 disponentes
734 437 766 498 et
786 437 918 517 accepta
937 435 1069 500 licentia
1089 438 1130 502 ab

113 519 244 604 hospite
268 519 382 586 domus
406 521 445 588 de
464 523 542 588 urbe
563 526 774 588 recesserunt.
818 519 900 588 Cum
919 524 1037 607 quibus
1056 546 1133 598 cum

18 623 19 680 t
113 609 262 692 praefata
298 609 425 675 Helena
459 613 607 676 recedere
643 611 757 694 vellet,
792 611 912 694 hospes
945 613 975 676 ei
1006 613 1130 678 furtum

114 698 280 762 cniusdam
299 721 378 764 suae
389 700 437 764 rei
455 722 553 786 quam
567 701 630 765 sibi
644 700 787 765 furatam
801 701 942 766 asseruit
959 701 1129 786 imponens

90 787 221 870 sipsam
254 809 352 872 quam
384 789 422 854 de
450 812 489 854 ea
515 790 590 876 plus
619 789 693 854 aliis
725 794 909 874 suspectam
941 789 1061 856 habere
1095 813 1130 857 se

18 937 19 956 ζ
114 875 196 940 dixit
224 897 392 960 quousque
419 900 489 942 rem
517 900 609 943 suam
636 881 856 963 recuperaret,
884 879 923 942 de
950 879 1047 945 domo
1071 902 1131 945 sua

18 991 19 1012 1
114 964 257 1029 dimissis
293 966 366 1030 aliis
404 967 470 1031 suis
503 968 660 1032 consociis
692 968 839 1032 recedere
870 989 937 1032 non
970 969 1129 1052 permisit.

115 1051 219 1118 Sociis
246 1071 323 1119 vero
352 1055 420 1120 cius
448 1077 487 1120 ea
515 1078 590 1120 curn
611 1076 730 1142 magno
753 1057 877 1121 eiulatu
902 1055 1058 1122 derelicta
1081 1079 1129 1122 re-

114 1141 301 1207 cedentibus
317 1144 443 1228 cogitur
457 1145 655 1228 paupercula
669 1146 738 1210 soh
752 1167 928 1210 remanere.
953 1145 1129 1212 Recessum

78 1246 103 1286 1⁰
113 1251 190 1295 vero
209 1231 371 1296 sociorum
386 1233 575 1316 imperatori
589 1234 739 1298 nuntiato
755 1234 934 1318 imperator
947 1234 1017 1318 ipse
1032 1239 1130 1319 capta

114 1319 358 1402 opportunitate
377 1323 467 1385 venit
485 1323 676 1387 addemum
695 1322 834 1406 hospitis
853 1345 952 1406 supra
971 1323 1050 1387 dicti
1068 1323 1129 1388 ibi-

114 1429 175 1491 que
202 1409 431 1492 pauperculam
460 1410 642 1475 solitariam
669 1411 836 1474 inventam
859 1415 1016 1495 tanquam
1039 1412 1129 1475 canis

18 2295 19 2330 i

114 1585 245 1668 cupiens
260 1586 423 1669 oppressit
437 1587 569 1671 eiusque
587 1587 764 1671 pudicitiae
781 1588 895 1652 florem
916 1609 955 1652 ea
973 1590 1129 1672 quantum

78 1689 100 1730 1⁵
112 1674 221 1756 potuit
248 1674 409 1739 renitente
435 1676 574 1740 abstulit
599 1677 768 1742 violenter.
810 1676 994 1760 Imperator
1021 1680 1132 1742 autem

113 1762 243 1846 expleto
267 1784 325 1828 suo
348 1763 525 1829 libidinoso
549 1769 667 1830 conatu
687 1765 818 1848 eiusque
838 1764 1006 1828 desideriis
1031 1765 1127 1830 satia·

111 1853 163 1914 tus
191 1851 307 1916 videns
332 1850 492 1916 Helenam
523 1853 562 1918 de
591 1875 627 1917 re
655 1857 843 1936 perpetrata
871 1873 968 1936 super
995 1852 1128 1918 modum

112 1938 283 2004 dolentem¹
300 1942 332 2004 et
362 1941 528 2006 turbatam
551 1941 818 2025 amarissimeque
840 1940 972 2005 flentem
996 1960 1034 2006 ac
1052 1945 1127 2006 tan-

111 2030 180 2091 tam
203 2029 239 2092 in
261 2028 334 2111 ipso
358 2033 433 2093 actu
456 2033 488 2093 et
510 2029 753 2113 posthabuisse
777 2033 810 2094 et
831 2028 952 2094 habere
978 2051 1128 2094 verecun-

76 2133 100 2174 u
112 2115 200 2180 diam
224 2117 311 2200 cepit
333 2117 496 2202 inquirere
516 2118 704 2182 admirando
723 2117 807 2182 unde
826 2121 859 2182 et
881 2139 964 2202 quae
983 2123 1072 2182 esset
1093 2122 1127 2183 et

112 2205 190 2268 eius·
205 2204 410 2270 condiciones
435 2211 468 2271 et
491 2227 593 2292 genus
614 2206 754 2272 sollicite
777 2206 945 2290 indagare
978 2204 1024 2271 nt
1042 2227 1129 2272 com-

18 2333 19 2352 2
110 2297 203 2375 perto
227 2293 312 2378 quod
333 2294 430 2360 fidem
449 2293 573 2360 Christi
592 2296 714 2360 coleret
736 2294 817 2360 licet
836 2295 906 2378 ipse
930 2296 1128 2380 gentilitatis

111 2385 278 2446 teneretur
301 2404 424 2467 errore,
452 2385 606 2449 misertus
630 2383 692 2449 sibi
716 2383 876 2468 quoddam
900 2388 1127 2449 ornamentum

110 2471 212 2534 mirae
230 2471 445 2554 pretiositatis
461 2495 591 2538 scauro
609 2473 846 2557 pretiosissimo
865 2473 1126 2556 pretiosissimis·

74 2574 97 2615 ²⁶
110 2579 172 2641 que
198 2559 336 2643 gemmis
367 2561 598 2645 compositum,
628 2582 690 2644 quo
720 2561 779 2626 illo
806 2564 952 2644 tempore
981 2561 1043 2627 soli
1065 2562 1124 2626 im·

109 2651 275 2730 peratores
289 2648 325 2712 in
338 2647 483 2714 humeris
498 2651 608 2714 ornari
626 2653 871 2733 consueverunt,
890 2671 963 2714 cum
985 2649 1127 2734 quodam

110 2735 230 2800 annulo
256 2737 507 2822 pretiosissimo,
539 2759 635 2821 quem
662 2737 696 2800 in
729 2759 788 2802 sua
820 2738 973 2821 gestabat
1004 2737 1127 2824 dextra,

110 2823 244 2890 donavit
266 2827 300 2889 et
323 2827 466 2890 recessit.

196 2913 399 2997 Paupercula
426 2919 535 2980 autem
565 2915 708 2980 sentiens
741 2914 780 2978 de
807 2914 970 2997 imperiali
1002 2915 1161 2980 sominae

72 3017 96 3058 πο
109 3023 143 3064 se
161 3003 347 3085 concepisse
364 3007 492 3068 tantam
512 3004 547 3068 in
566 3026 599 3068 se
617 3003 843 3068 verecundiam
863 3004 1019 3086 concepit,
1038 3005 1125 3088 quod

109 3089 149 3153 ad
172 3091 317 3154 natalem
339 3092 482 3175 patriam
504 3114 669 3178 nunquam
693 3113 727 3156 se
752 3113 957 3156 reversurum
980 3092 1049 3157 fore
1073 3092 1125 3158 de-

109 3179 222 3262 crevit3
251 3179 307 3243 sed
331 3181 371 3244 ad
400 3181 559 3265 quosdam
581 3181 684 3247 bonos
707 3180 856 3246 homines
879 3181 976 3246 fidem
1000 3179 1124 3246 Christi

109 3271 230 3331 secrete
250 3267 393 3334 colentes
413 3270 546 3336 divertit
569 3273 693 3334 etcum
715 3269 795 3353 ipsis
819 3271 853 3334 in
871 3270 950 3335 urbe
972 3269 1125 3336 habitare

179 3483 196 3532 Β
214 3479 330 3546 sortasse
339 3485 404 3548 post
421 3478 456 3532 de
471 3495 506 3533 ea
518 3480 675 3534 addendum
694 3485 731 3535 est
745 3495 784 3534 re.
877 3485 908 3533 11
930 3477 1125 3549 oportunitate

18 3563 19 3594 1
109 3550 184 3604 codd.
260 3555 293 3603 14
312 3549 454 3620 oppressit
472 3551 514 3617 D,
534 3549 656 3620 opressit
674 3549 710 3605 F.

927 3637 964 3692 1*
