<?xml version="1.0" encoding="UTF-8"?>
<!DOCTYPE html PUBLIC "-//W3C//DTD XHTML 1.0 Transitional//EN"
    "http://www.w3.org/TR/xhtml1/DTD/xhtml1-transitional.dtd">
<html xmlns="http://www.w3.org/1999/xhtml" xml:lang="en" lang="en">
 <head>
  <title>
</title>
<meta http-equiv="Content-Type" content="text/html;charset=utf-8" />
  <meta name='ocr-system' content='tesseract 3.04.00' />
  <meta name='ocr-capabilities' content='ocr_page ocr_carea ocr_par ocr_line ocrx_word'/>
</head>
<body>
  <div class='ocr_page' id='page_1' title='image "./devirisinlustri00herdgoog_0173.png"; bbox 0 0 2552 4048; ppageno 0'>
   <div class='ocr_carea' id='block_1_1' title="bbox 18 959 1137 3061">
    <p class='ocr_par' dir='ltr' id='par_1_1' title="bbox 88 959 1137 1311">
     <span class='ocr_line' id='line_1_1' title="bbox 175 959 1137 1044; baseline 0.003 -21"><span class='ocrx_word' id='word_1_1' title='bbox 175 959 256 1024; x_wconf 84' lang='lat' dir='ltr'>Post</span> <span class='ocrx_word' id='word_1_2' title='bbox 281 961 466 1044; x_wconf 80' lang='lat' dir='ltr'><strong>passionem</strong></span> <span class='ocrx_word' id='word_1_3' title='bbox 494 960 617 1026; x_wconf 91' lang='lat' dir='ltr'>domini</span> <span class='ocrx_word' id='word_1_4' title='bbox 645 963 750 1026; x_wconf 88' lang='lat' dir='ltr'>nostri</span> <span class='ocrx_word' id='word_1_5' title='bbox 771 961 851 1027; x_wconf 88' lang='lat' dir='ltr'>Jesu</span> <span class='ocrx_word' id='word_1_6' title='bbox 874 961 996 1028; x_wconf 75' lang='lat' dir='ltr'>Christi</span> <span class='ocrx_word' id='word_1_7' title='bbox 1019 963 1099 1028; x_wconf 90' lang='lat' dir='ltr'>eius·</span> <span class='ocrx_word' id='word_1_8' title='bbox 1119 963 1137 1026; x_wconf 96' lang='grc'>1</span> 
     </span>
     <span class='ocr_line' id='line_1_2' title="bbox 90 1048 1099 1133; baseline 0.005 -22"><span class='ocrx_word' id='word_1_9' title='bbox 90 1070 149 1132; x_wconf 91' lang='lat' dir='ltr'>que</span> <span class='ocrx_word' id='word_1_10' title='bbox 167 1048 345 1133; x_wconf 74' lang='lat' dir='ltr'>gloriosam</span> <span class='ocrx_word' id='word_1_11' title='bbox 362 1051 632 1114; x_wconf 68' lang='lat' dir='ltr'>resurrectionem</span> <span class='ocrx_word' id='word_1_12' title='bbox 647 1073 666 1114; x_wconf 89' lang='lat' dir='ltr'>a</span> <span class='ocrx_word' id='word_1_13' title='bbox 680 1051 817 1116; x_wconf 77' lang='lat' dir='ltr'>mortuis</span> <span class='ocrx_word' id='word_1_14' title='bbox 832 1053 865 1116; x_wconf 95' lang='lat' dir='ltr'>et</span> <span class='ocrx_word' id='word_1_15' title='bbox 878 1052 1099 1117; x_wconf 88' lang='lat' dir='ltr'>ascensionem</span> 
     </span>
     <span class='ocr_line' id='line_1_3' title="bbox 88 1137 1099 1223; baseline 0.004 -23"><span class='ocrx_word' id='word_1_16' title='bbox 88 1138 122 1200; x_wconf 94' lang='lat' dir='ltr'>in</span> <span class='ocrx_word' id='word_1_17' title='bbox 149 1137 274 1202; x_wconf 88' lang='lat' dir='ltr'>eaelum</span> <span class='ocrx_word' id='word_1_18' title='bbox 302 1138 498 1202; x_wconf 78' lang='lat' dir='ltr'><strong>sanctissimi</strong></span> <span class='ocrx_word' id='word_1_19' title='bbox 521 1139 675 1222; x_wconf 87' lang='lat' dir='ltr'>apostoli,</span> <span class='ocrx_word' id='word_1_20' title='bbox 703 1161 865 1223; x_wconf 81' lang='lat' dir='ltr'>quosquos</span> <span class='ocrx_word' id='word_1_21' title='bbox 887 1140 974 1204; x_wconf 87' lang='lat' dir='ltr'>idem</span> <span class='ocrx_word' id='word_1_22' title='bbox 998 1140 1099 1206; x_wconf 92' lang='lat' dir='ltr'>domi-</span> 
     </span>
     <span class='ocr_line' id='line_1_4' title="bbox 88 1224 1099 1311; baseline 0.005 -22"><span class='ocrx_word' id='word_1_23' title='bbox 88 1248 146 1290; x_wconf 87' lang='lat' dir='ltr'>nus</span> <span class='ocrx_word' id='word_1_24' title='bbox 173 1229 286 1290; x_wconf 85' lang='lat' dir='ltr'>noster</span> <span class='ocrx_word' id='word_1_25' title='bbox 311 1224 407 1290; x_wconf 85' lang='lat' dir='ltr'>Jesus</span> <span class='ocrx_word' id='word_1_26' title='bbox 436 1224 586 1291; x_wconf 83' lang='lat' dir='ltr'>Christus</span> <span class='ocrx_word' id='word_1_27' title='bbox 615 1249 675 1311; x_wconf 92' lang='lat' dir='ltr'>pro</span> <span class='ocrx_word' id='word_1_28' title='bbox 698 1228 897 1293; x_wconf 89' lang='lat' dir='ltr'>incremento</span> <span class='ocrx_word' id='word_1_29' title='bbox 920 1229 999 1294; x_wconf 92' lang='lat' dir='ltr'>fidei</span> <span class='ocrx_word' id='word_1_30' title='bbox 1017 1229 1099 1294; x_wconf 87' lang='lat' dir='ltr'>chri·</span> 
     </span>
    </p>

    <p class='ocr_par' dir='ltr' id='par_1_2' title="bbox 65 1314 1100 1400">
     <span class='ocr_line' id='line_1_5' title="bbox 65 1314 1100 1400; baseline 0.003 -22"><span class='ocrx_word' id='word_1_31' title='bbox 65 1315 212 1378; x_wconf 68' lang='lat' dir='ltr'>estianae</span> <span class='ocrx_word' id='word_1_32' title='bbox 231 1315 265 1378; x_wconf 91' lang='lat' dir='ltr'>in</span> <span class='ocrx_word' id='word_1_33' title='bbox 283 1314 346 1379; x_wconf 88' lang='lat' dir='ltr'>hoo</span> <span class='ocrx_word' id='word_1_34' title='bbox 364 1315 483 1379; x_wconf 91' lang='lat' dir='ltr'>mundo</span> <span class='ocrx_word' id='word_1_35' title='bbox 497 1317 682 1400; x_wconf 88' lang='lat' dir='ltr'>reliquerat,</span> <span class='ocrx_word' id='word_1_36' title='bbox 701 1323 834 1400; x_wconf 87' lang='lat' dir='ltr'>accepta</span> <span class='ocrx_word' id='word_1_37' title='bbox 848 1318 981 1400; x_wconf 91' lang='lat' dir='ltr'>spiritus</span> <span class='ocrx_word' id='word_1_38' title='bbox 996 1319 1100 1382; x_wconf 89' lang='lat' dir='ltr'>sancti</span> 
     </span>
    </p>

    <p class='ocr_par' dir='ltr' id='par_1_3' title="bbox 89 1402 1099 1488">
     <span class='ocr_line' id='line_1_6' title="bbox 89 1402 1099 1488; baseline 0.003 -22"><span class='ocrx_word' id='word_1_39' title='bbox 89 1403 194 1488; x_wconf 84' lang='lat' dir='ltr'>gratia</span> <span class='ocrx_word' id='word_1_40' title='bbox 213 1402 348 1467; x_wconf 89' lang='lat' dir='ltr'>eandem</span> <span class='ocrx_word' id='word_1_41' title='bbox 367 1403 463 1468; x_wconf 90' lang='lat' dir='ltr'>fidem</span> <span class='ocrx_word' id='word_1_42' title='bbox 482 1405 616 1486; x_wconf 87' lang='lat' dir='ltr'>eiusque</span> <span class='ocrx_word' id='word_1_43' title='bbox 635 1426 760 1469; x_wconf 85' lang='lat' dir='ltr'>sacram</span> <span class='ocrx_word' id='word_1_44' title='bbox 778 1405 1012 1488; x_wconf 83' lang='lat' dir='ltr'>professionem</span> <span class='ocrx_word' id='word_1_45' title='bbox 1031 1407 1099 1470; x_wconf 90' lang='lat' dir='ltr'>suis</span> 
     </span>
    </p>

    <p class='ocr_par' dir='ltr' id='par_1_4' title="bbox 89 1492 1100 1578">
     <span class='ocr_line' id='line_1_7' title="bbox 89 1492 1100 1578; baseline 0.004 -24"><span class='ocrx_word' id='word_1_46' title='bbox 89 1514 144 1574; x_wconf 92' lang='lat' dir='ltr'>per</span> <span class='ocrx_word' id='word_1_47' title='bbox 166 1493 355 1556; x_wconf 89' lang='lat' dir='ltr'>universum</span> <span class='ocrx_word' id='word_1_48' title='bbox 378 1492 489 1557; x_wconf 90' lang='lat' dir='ltr'>orbem</span> <span class='ocrx_word' id='word_1_49' title='bbox 508 1493 735 1575; x_wconf 89' lang='lat' dir='ltr'>plantaverant</span> <span class='ocrx_word' id='word_1_50' title='bbox 754 1493 907 1558; x_wconf 73' lang='lat' dir='ltr'>doctrinis</span> <span class='ocrx_word' id='word_1_51' title='bbox 929 1496 962 1558; x_wconf 90' lang='lat' dir='ltr'>et</span> <span class='ocrx_word' id='word_1_52' title='bbox 981 1494 1100 1578; x_wconf 84' lang='lat' dir='ltr'>glorio-</span> 
     </span>
    </p>

    <p class='ocr_par' dir='ltr' id='par_1_5' title="bbox 90 1580 1099 1664">
     <span class='ocr_line' id='line_1_8' title="bbox 90 1580 1099 1664; baseline 0.002 -20"><span class='ocrx_word' id='word_1_53' title='bbox 90 1581 132 1644; x_wconf 88' lang='lat' dir='ltr'>sis</span> <span class='ocrx_word' id='word_1_54' title='bbox 155 1580 374 1663; x_wconf 83' lang='lat' dir='ltr'>irrigaverant</span> <span class='ocrx_word' id='word_1_55' title='bbox 396 1581 521 1645; x_wconf 90' lang='lat' dir='ltr'>meritis</span> <span class='ocrx_word' id='word_1_56' title='bbox 546 1582 579 1645; x_wconf 92' lang='lat' dir='ltr'>et</span> <span class='ocrx_word' id='word_1_57' title='bbox 603 1581 769 1664; x_wconf 85' lang='lat' dir='ltr'>exemplis.</span> <span class='ocrx_word' id='word_1_58' title='bbox 806 1581 929 1658; x_wconf 79' lang='lat' dir='ltr'>Quibus</span> <span class='ocrx_word' id='word_1_59' title='bbox 953 1582 1099 1646; x_wconf 87' lang='lat' dir='ltr'>invidens</span> 
     </span>
    </p>

    <p class='ocr_par' dir='ltr' id='par_1_6' title="bbox 89 1668 1100 1753">
     <span class='ocr_line' id='line_1_9' title="bbox 89 1668 1100 1753; baseline 0.004 -23"><span class='ocrx_word' id='word_1_60' title='bbox 89 1668 143 1732; x_wconf 90' lang='lat' dir='ltr'>ille</span> <span class='ocrx_word' id='word_1_61' title='bbox 172 1669 325 1753; x_wconf 86' lang='lat' dir='ltr'>antiquus</span> <span class='ocrx_word' id='word_1_62' title='bbox 353 1669 458 1734; x_wconf 87' lang='lat' dir='ltr'>hostis</span> <span class='ocrx_word' id='word_1_63' title='bbox 489 1670 649 1734; x_wconf 92' lang='lat' dir='ltr'>bonorum</span> <span class='ocrx_word' id='word_1_64' title='bbox 680 1670 824 1734; x_wconf 91' lang='lat' dir='ltr'>omnium</span> <span class='ocrx_word' id='word_1_65' title='bbox 853 1671 1004 1736; x_wconf 90' lang='lat' dir='ltr'>inimicus</span> <span class='ocrx_word' id='word_1_66' title='bbox 1035 1671 1100 1735; x_wconf 88' lang='lat' dir='ltr'>dia-</span> 
     </span>
    </p>

    <p class='ocr_par' dir='ltr' id='par_1_7' title="bbox 56 1757 1100 1842">
     <span class='ocr_line' id='line_1_10' title="bbox 56 1757 1100 1842; baseline 0.003 -22"><span class='ocrx_word' id='word_1_67' title='bbox 56 1757 183 1821; x_wconf 81' lang='lat' dir='ltr'>10bolus</span> <span class='ocrx_word' id='word_1_68' title='bbox 211 1778 304 1842; x_wconf 84' lang='lat' dir='ltr'>reges</span> <span class='ocrx_word' id='word_1_69' title='bbox 332 1761 366 1822; x_wconf 90' lang='lat' dir='ltr'>et</span> <span class='ocrx_word' id='word_1_70' title='bbox 391 1757 555 1840; x_wconf 87' lang='lat' dir='ltr'>principes</span> <span class='ocrx_word' id='word_1_71' title='bbox 586 1780 623 1822; x_wconf 90' lang='lat' dir='ltr'>ao</span> <span class='ocrx_word' id='word_1_72' title='bbox 649 1759 818 1822; x_wconf 88' lang='lat' dir='ltr'>universos</span> <span class='ocrx_word' id='word_1_73' title='bbox 850 1759 947 1823; x_wconf 90' lang='lat' dir='ltr'>huius</span> <span class='ocrx_word' id='word_1_74' title='bbox 980 1759 1100 1824; x_wconf 90' lang='lat' dir='ltr'>saeculi</span> 
     </span>
    </p>

    <p class='ocr_par' dir='ltr' id='par_1_8' title="bbox 88 1844 1100 1930">
     <span class='ocr_line' id='line_1_11' title="bbox 88 1844 1100 1930; baseline 0.001 -21"><span class='ocrx_word' id='word_1_75' title='bbox 88 1845 253 1928; x_wconf 89' lang='lat' dir='ltr'>praesides</span> <span class='ocrx_word' id='word_1_76' title='bbox 276 1847 429 1911; x_wconf 88' lang='lat' dir='ltr'>adversus</span> <span class='ocrx_word' id='word_1_77' title='bbox 451 1846 580 1910; x_wconf 90' lang='lat' dir='ltr'>cosdem</span> <span class='ocrx_word' id='word_1_78' title='bbox 603 1844 727 1910; x_wconf 81' lang='lat' dir='ltr'>Christi</span> <span class='ocrx_word' id='word_1_79' title='bbox 746 1847 912 1930; x_wconf 90' lang='lat' dir='ltr'>apostolos</span> <span class='ocrx_word' id='word_1_80' title='bbox 932 1847 1100 1911; x_wconf 80' lang='lat' dir='ltr'>suscitavit</span> 
     </span>
    </p>

    <p class='ocr_par' dir='ltr' id='par_1_9' title="bbox 89 1933 1101 2018">
     <span class='ocr_line' id='line_1_12' title="bbox 89 1933 1101 2018; baseline 0.001 -20"><span class='ocrx_word' id='word_1_81' title='bbox 89 1937 120 1998; x_wconf 91' lang='lat' dir='ltr'>et</span> <span class='ocrx_word' id='word_1_82' title='bbox 138 1933 181 1998; x_wconf 91' lang='lat' dir='ltr'>ad</span> <span class='ocrx_word' id='word_1_83' title='bbox 198 1956 310 1999; x_wconf 90' lang='lat' dir='ltr'>eorum</span> <span class='ocrx_word' id='word_1_84' title='bbox 333 1936 592 2018; x_wconf 82' lang='lat' dir='ltr'>persecutionem</span> <span class='ocrx_word' id='word_1_85' title='bbox 616 1933 752 1999; x_wconf 88' lang='lat' dir='ltr'>diversis</span> <span class='ocrx_word' id='word_1_86' title='bbox 772 1956 848 1998; x_wconf 87' lang='lat' dir='ltr'>suae</span> <span class='ocrx_word' id='word_1_87' title='bbox 871 1935 1021 1999; x_wconf 88' lang='lat' dir='ltr'>fallaciae</span> <span class='ocrx_word' id='word_1_88' title='bbox 1040 1935 1101 2000; x_wconf 89' lang='lat' dir='ltr'>viis</span> 
     </span>
    </p>

    <p class='ocr_par' dir='ltr' id='par_1_10' title="bbox 88 2022 1100 2108">
     <span class='ocr_line' id='line_1_13' title="bbox 88 2022 1100 2108; baseline 0.002 -22"><span class='ocrx_word' id='word_1_89' title='bbox 88 2027 121 2086; x_wconf 88' lang='lat' dir='ltr'>et</span> <span class='ocrx_word' id='word_1_90' title='bbox 144 2023 249 2088; x_wconf 91' lang='lat' dir='ltr'>modis</span> <span class='ocrx_word' id='word_1_91' title='bbox 275 2022 427 2088; x_wconf 81' lang='lat' dir='ltr'>incitavit</span> <span class='ocrx_word' id='word_1_92' title='bbox 449 2045 487 2088; x_wconf 87' lang='lat' dir='ltr'>ac</span> <span class='ocrx_word' id='word_1_93' title='bbox 514 2023 646 2087; x_wconf 90' lang='lat' dir='ltr'>tandem</span> <span class='ocrx_word' id='word_1_94' title='bbox 673 2022 830 2108; x_wconf 88' lang='lat' dir='ltr'>quosdam</span> <span class='ocrx_word' id='word_1_95' title='bbox 853 2045 892 2088; x_wconf 89' lang='lat' dir='ltr'>ex</span> <span class='ocrx_word' id='word_1_96' title='bbox 921 2023 968 2088; x_wconf 91' lang='lat' dir='ltr'>eis</span> <span class='ocrx_word' id='word_1_97' title='bbox 997 2024 1100 2088; x_wconf 90' lang='lat' dir='ltr'>crucis</span> 
     </span>
    </p>

    <p class='ocr_par' dir='ltr' id='par_1_11' title="bbox 88 2111 1099 2196">
     <span class='ocr_line' id='line_1_14' title="bbox 88 2111 1099 2196; baseline 0.002 -22"><span class='ocrx_word' id='word_1_98' title='bbox 88 2111 236 2194; x_wconf 89' lang='lat' dir='ltr'>patibulo</span> <span class='ocrx_word' id='word_1_99' title='bbox 273 2112 365 2196; x_wconf 83' lang='lat' dir='ltr'>affigi</span> <span class='ocrx_word' id='word_1_100' title='bbox 397 2111 553 2195; x_wconf 87' lang='lat' dir='ltr'>quosdam</span> <span class='ocrx_word' id='word_1_101' title='bbox 584 2132 659 2176; x_wconf 88' lang='lat' dir='ltr'>vero</span> <span class='ocrx_word' id='word_1_102' title='bbox 700 2111 808 2196; x_wconf 82' lang='lat' dir='ltr'>gladio</span> <span class='ocrx_word' id='word_1_103' title='bbox 845 2111 989 2195; x_wconf 90' lang='lat' dir='ltr'>aliosque</span> <span class='ocrx_word' id='word_1_104' title='bbox 1026 2112 1099 2176; x_wconf 88' lang='lat' dir='ltr'>aliis</span> 
     </span>
    </p>

    <p class='ocr_par' dir='ltr' id='par_1_12' title="bbox 55 2199 1102 2284">
     <span class='ocr_line' id='line_1_15' title="bbox 55 2199 1102 2284; baseline 0.001 -21"><span class='ocrx_word' id='word_1_105' title='bbox 55 2216 76 2255; x_wconf 78' lang='lat'>1⁵</span> <span class='ocrx_word' id='word_1_106' title='bbox 89 2199 289 2265; x_wconf 87' lang='lat' dir='ltr'>diversorum</span> <span class='ocrx_word' id='word_1_107' title='bbox 316 2203 554 2266; x_wconf 87' lang='lat' dir='ltr'>tormentorum</span> <span class='ocrx_word' id='word_1_108' title='bbox 577 2199 745 2283; x_wconf 88' lang='lat' dir='ltr'>suppliciis</span> <span class='ocrx_word' id='word_1_109' title='bbox 774 2199 924 2264; x_wconf 90' lang='lat' dir='ltr'>interemi</span> <span class='ocrx_word' id='word_1_110' title='bbox 949 2221 1102 2284; x_wconf 88' lang='lat' dir='ltr'>procura-</span> 
     </span>
    </p>

    <p class='ocr_par' dir='ltr' id='par_1_13' title="bbox 87 2288 1101 2373">
     <span class='ocr_line' id='line_1_16' title="bbox 87 2288 1101 2373; baseline -0.001 -20"><span class='ocrx_word' id='word_1_111' title='bbox 87 2289 144 2353; x_wconf 88' lang='lat' dir='ltr'>vit</span> <span class='ocrx_word' id='word_1_112' title='bbox 181 2288 272 2353; x_wconf 90' lang='lat' dir='ltr'>Inter</span> <span class='ocrx_word' id='word_1_113' title='bbox 295 2311 375 2372; x_wconf 90' lang='lat' dir='ltr'>quos</span> <span class='ocrx_word' id='word_1_114' title='bbox 400 2288 536 2373; x_wconf 84' lang='lat' dir='ltr'>gloriosi</span> <span class='ocrx_word' id='word_1_115' title='bbox 559 2288 641 2353; x_wconf 88' lang='lat' dir='ltr'>caeli</span> <span class='ocrx_word' id='word_1_116' title='bbox 660 2292 694 2352; x_wconf 88' lang='lat' dir='ltr'>et</span> <span class='ocrx_word' id='word_1_117' title='bbox 712 2291 818 2352; x_wconf 89' lang='lat' dir='ltr'>terrae</span> <span class='ocrx_word' id='word_1_118' title='bbox 840 2288 1003 2371; x_wconf 90' lang='lat' dir='ltr'>principes</span> <span class='ocrx_word' id='word_1_119' title='bbox 1026 2289 1101 2352; x_wconf 90' lang='lat' dir='ltr'>bea·</span> 
     </span>
    </p>

    <p class='ocr_par' dir='ltr' id='par_1_14' title="bbox 87 2376 1101 2460">
     <span class='ocr_line' id='line_1_17' title="bbox 87 2376 1101 2460; baseline 0 -20"><span class='ocrx_word' id='word_1_120' title='bbox 87 2377 209 2440; x_wconf 88' lang='lat' dir='ltr'>tissimi</span> <span class='ocrx_word' id='word_1_121' title='bbox 236 2377 388 2442; x_wconf 83' lang='lat' dir='ltr'>videlicet</span> <span class='ocrx_word' id='word_1_122' title='bbox 409 2377 526 2442; x_wconf 86' lang='lat' dir='ltr'>Petrus</span> <span class='ocrx_word' id='word_1_123' title='bbox 554 2381 586 2441; x_wconf 93' lang='lat' dir='ltr'>et</span> <span class='ocrx_word' id='word_1_124' title='bbox 609 2376 731 2441; x_wconf 90' lang='lat' dir='ltr'>Paulus</span> <span class='ocrx_word' id='word_1_125' title='bbox 763 2376 903 2460; x_wconf 84' lang='lat' dir='ltr'>apostoli</span> <span class='ocrx_word' id='word_1_126' title='bbox 928 2376 1101 2442; x_wconf 87' lang='lat' dir='ltr'>orthodoxi</span> 
     </span>
    </p>

    <p class='ocr_par' dir='ltr' id='par_1_15' title="bbox 89 2463 1101 2549">
     <span class='ocr_line' id='line_1_18' title="bbox 89 2463 1101 2549; baseline 0 -19"><span class='ocrx_word' id='word_1_127' title='bbox 89 2471 121 2530; x_wconf 89' lang='lat' dir='ltr'>et</span> <span class='ocrx_word' id='word_1_128' title='bbox 145 2465 326 2531; x_wconf 85' lang='lat' dir='ltr'>catholicae</span> <span class='ocrx_word' id='word_1_129' title='bbox 349 2465 424 2530; x_wconf 89' lang='lat' dir='ltr'>fidei</span> <span class='ocrx_word' id='word_1_130' title='bbox 446 2465 634 2530; x_wconf 80' lang='lat' dir='ltr'>fundatores</span> <span class='ocrx_word' id='word_1_131' title='bbox 657 2465 773 2529; x_wconf 90' lang='lat' dir='ltr'>urbem</span> <span class='ocrx_word' id='word_1_132' title='bbox 791 2463 929 2530; x_wconf 85' lang='lat' dir='ltr'>Romam</span> <span class='ocrx_word' id='word_1_133' title='bbox 949 2487 1007 2531; x_wconf 91' lang='lat' dir='ltr'>suo</span> <span class='ocrx_word' id='word_1_134' title='bbox 1031 2487 1101 2549; x_wconf 88' lang='lat' dir='ltr'>pre·</span> 
     </span>
    </p>

    <p class='ocr_par' dir='ltr' id='par_1_16' title="bbox 87 2553 1103 2638">
     <span class='ocr_line' id='line_1_19' title="bbox 87 2553 1103 2638; baseline 0.001 -21"><span class='ocrx_word' id='word_1_135' title='bbox 87 2556 175 2618; x_wconf 89' lang='lat' dir='ltr'>tioso</span> <span class='ocrx_word' id='word_1_136' title='bbox 195 2555 353 2638; x_wconf 86' lang='lat' dir='ltr'>sanguine</span> <span class='ocrx_word' id='word_1_137' title='bbox 377 2557 410 2618; x_wconf 91' lang='lat' dir='ltr'>et</span> <span class='ocrx_word' id='word_1_138' title='bbox 429 2555 585 2638; x_wconf 85' lang='lat' dir='ltr'>martyrio</span> <span class='ocrx_word' id='word_1_139' title='bbox 609 2576 668 2637; x_wconf 91' lang='lat' dir='ltr'>pro</span> <span class='ocrx_word' id='word_1_140' title='bbox 688 2554 829 2618; x_wconf 88' lang='lat' dir='ltr'>eiusdem</span> <span class='ocrx_word' id='word_1_141' title='bbox 853 2553 975 2619; x_wconf 89' lang='lat' dir='ltr'>domini</span> <span class='ocrx_word' id='word_1_142' title='bbox 997 2554 1103 2619; x_wconf 88' lang='lat' dir='ltr'>nostri</span> 
     </span>
    </p>

    <p class='ocr_par' dir='ltr' id='par_1_17' title="bbox 53 2640 1102 2707">
     <span class='ocr_line' id='line_1_20' title="bbox 53 2640 1102 2707; baseline 0 -1"><span class='ocrx_word' id='word_1_143' title='bbox 53 2641 169 2706; x_wconf 79' lang='lat' dir='ltr'>2⁰Jesu</span> <span class='ocrx_word' id='word_1_144' title='bbox 194 2640 316 2707; x_wconf 78' lang='lat' dir='ltr'>Christi</span> <span class='ocrx_word' id='word_1_145' title='bbox 345 2643 407 2707; x_wconf 91' lang='lat' dir='ltr'>fide</span> <span class='ocrx_word' id='word_1_146' title='bbox 435 2647 467 2707; x_wconf 92' lang='lat' dir='ltr'>et</span> <span class='ocrx_word' id='word_1_147' title='bbox 490 2642 692 2707; x_wconf 84' lang='lat' dir='ltr'>confessione</span> <span class='ocrx_word' id='word_1_148' title='bbox 718 2646 946 2706; x_wconf 84' lang='lat' dir='ltr'>consecrarunt</span> <span class='ocrx_word' id='word_1_149' title='bbox 969 2663 1006 2706; x_wconf 92' lang='lat' dir='ltr'>ac</span> <span class='ocrx_word' id='word_1_150' title='bbox 1029 2664 1102 2706; x_wconf 88' lang='lat' dir='ltr'>can-</span> 
     </span>
    </p>

    <p class='ocr_par' dir='ltr' id='par_1_18' title="bbox 18 2729 1102 2815">
     <span class='ocr_line' id='line_1_21' title="bbox 18 2729 1102 2815; baseline -0.006 -15"><span class='ocrx_word' id='word_1_151' title='bbox 18 2797 19 2800; x_wconf 63' lang='lat'>,</span> <span class='ocrx_word' id='word_1_152' title='bbox 88 2731 162 2796; x_wconf 88' lang='lat' dir='ltr'>dem</span> <span class='ocrx_word' id='word_1_153' title='bbox 181 2753 248 2796; x_wconf 90' lang='lat' dir='ltr'>non</span> <span class='ocrx_word' id='word_1_154' title='bbox 268 2732 373 2796; x_wconf 91' lang='lat' dir='ltr'>solum</span> <span class='ocrx_word' id='word_1_155' title='bbox 397 2731 599 2815; x_wconf 88' lang='lat' dir='ltr'>imperialem</span> <span class='ocrx_word' id='word_1_156' title='bbox 617 2730 731 2794; x_wconf 90' lang='lat' dir='ltr'>urbem</span> <span class='ocrx_word' id='word_1_157' title='bbox 750 2729 805 2804; x_wconf 85' lang='lat' dir='ltr'>sed</span> <span class='ocrx_word' id='word_1_158' title='bbox 824 2733 858 2793; x_wconf 91' lang='lat' dir='ltr'>et</span> <span class='ocrx_word' id='word_1_159' title='bbox 877 2730 980 2794; x_wconf 89' lang='lat' dir='ltr'>totius</span> <span class='ocrx_word' id='word_1_160' title='bbox 1004 2732 1102 2794; x_wconf 89' lang='lat' dir='ltr'>eccle-</span> 
     </span>
    </p>

    <p class='ocr_par' dir='ltr' id='par_1_19' title="bbox 18 2811 1102 2912">
     <span class='ocr_line' id='line_1_22' title="bbox 18 2811 1102 2912; baseline -0.001 -29"><span class='ocrx_word' id='word_1_161' title='bbox 18 2811 20 2912; x_wconf 65' lang='lat'><strong>)</strong></span> <span class='ocrx_word' id='word_1_162' title='bbox 88 2819 157 2884; x_wconf 87' lang='lat' dir='ltr'>siae</span> <span class='ocrx_word' id='word_1_163' title='bbox 181 2842 219 2884; x_wconf 88' lang='lat' dir='ltr'>ao</span> <span class='ocrx_word' id='word_1_164' title='bbox 241 2819 384 2884; x_wconf 91' lang='lat' dir='ltr'>eiusdem</span> <span class='ocrx_word' id='word_1_165' title='bbox 406 2820 481 2884; x_wconf 88' lang='lat' dir='ltr'>fidei</span> <span class='ocrx_word' id='word_1_166' title='bbox 501 2818 694 2883; x_wconf 88' lang='lat' dir='ltr'>christianae</span> <span class='ocrx_word' id='word_1_167' title='bbox 713 2820 810 2902; x_wconf 89' lang='lat' dir='ltr'>caput</span> <span class='ocrx_word' id='word_1_168' title='bbox 829 2839 865 2882; x_wconf 91' lang='lat' dir='ltr'>ao</span> <span class='ocrx_word' id='word_1_169' title='bbox 883 2817 1102 2883; x_wconf 88' lang='lat' dir='ltr'>universalem</span> 
     </span>
    </p>

    <p class='ocr_par' dir='ltr' id='par_1_20' title="bbox 87 2907 1103 3061">
     <span class='ocr_line' id='line_1_23' title="bbox 88 2907 1103 2973; baseline 0 -1"><span class='ocrx_word' id='word_1_170' title='bbox 88 2908 199 2972; x_wconf 88' lang='lat' dir='ltr'>sedem</span> <span class='ocrx_word' id='word_1_171' title='bbox 227 2908 297 2972; x_wconf 88' lang='lat' dir='ltr'>fieri</span> <span class='ocrx_word' id='word_1_172' title='bbox 328 2930 365 2972; x_wconf 88' lang='lat' dir='ltr'>ac</span> <span class='ocrx_word' id='word_1_173' title='bbox 392 2909 427 2972; x_wconf 89' lang='lat' dir='ltr'>in</span> <span class='ocrx_word' id='word_1_174' title='bbox 460 2912 626 2973; x_wconf 87' lang='lat' dir='ltr'>aeternum</span> <span class='ocrx_word' id='word_1_175' title='bbox 654 2928 785 2972; x_wconf 87' lang='lat' dir='ltr'>manere</span> <span class='ocrx_word' id='word_1_176' title='bbox 816 2908 849 2971; x_wconf 92' lang='lat' dir='ltr'>et</span> <span class='ocrx_word' id='word_1_177' title='bbox 878 2928 948 2971; x_wconf 88' lang='lat' dir='ltr'>esse</span> <span class='ocrx_word' id='word_1_178' title='bbox 979 2907 1103 2972; x_wconf 89' lang='lat' dir='ltr'>dedica·</span> 
     </span>
     <span class='ocr_line' id='line_1_24' title="bbox 87 3000 214 3061; baseline 0.008 -1"><span class='ocrx_word' id='word_1_179' title='bbox 87 3000 214 3061; x_wconf 88' lang='lat' dir='ltr'>verunt.</span> 
     </span>
    </p>
   </div>
   <div class='ocr_carea' id='block_1_2' title="bbox 87 3121 305 3132">
    <p class='ocr_par' dir='ltr' id='par_1_21' title="bbox 87 3121 305 3132">
     <span class='ocr_line' id='line_1_25' title="bbox 87 3121 305 3132; baseline 0.005 -3"><span class='ocrx_word' id='word_1_180' title='bbox 87 3121 305 3132; x_wconf 61' lang='grc' dir='ltr'><strong><em>Ἤ</em></strong></span> 
     </span>
    </p>
   </div>
   <div class='ocr_carea' id='block_1_3' title="bbox 85 3188 1105 3400">
    <p class='ocr_par' dir='ltr' id='par_1_22' title="bbox 85 3188 1105 3400">
     <span class='ocr_line' id='line_1_26' title="bbox 162 3188 1103 3258; baseline -0.002 -16"><span class='ocrx_word' id='word_1_181' title='bbox 162 3195 176 3242; x_wconf 90' lang='grc'>1</span> <span class='ocrx_word' id='word_1_182' title='bbox 203 3188 345 3258; x_wconf 71' lang='lat' dir='ltr'>Capuam,</span> <span class='ocrx_word' id='word_1_183' title='bbox 368 3206 437 3258; x_wconf 78' lang='lat' dir='ltr'>quae</span> <span class='ocrx_word' id='word_1_184' title='bbox 458 3190 491 3243; x_wconf 81' lang='lat' dir='ltr'>iu</span> <span class='ocrx_word' id='word_1_185' title='bbox 513 3188 651 3243; x_wconf 77' lang='lat' dir='ltr'>codicibus</span> <span class='ocrx_word' id='word_1_186' title='bbox 669 3203 785 3256; x_wconf 79' lang='lat' dir='ltr'>prorsus</span> <span class='ocrx_word' id='word_1_187' title='bbox 803 3203 859 3242; x_wconf 81' lang='lat' dir='ltr'>uon</span> <span class='ocrx_word' id='word_1_188' title='bbox 884 3188 1103 3256; x_wconf 75' lang='lat' dir='ltr'>distiapuuntur,</span> 
     </span>
     <span class='ocr_line' id='line_1_27' title="bbox 86 3256 1105 3329; baseline -0.006 -15"><span class='ocrx_word' id='word_1_189' title='bbox 86 3276 216 3314; x_wconf 73' lang='lat' dir='ltr'>numeros</span> <span class='ocrx_word' id='word_1_190' title='bbox 245 3261 303 3329; x_wconf 85' lang='lat' dir='ltr'>ipse</span> <span class='ocrx_word' id='word_1_191' title='bbox 325 3261 431 3315; x_wconf 83' lang='lat' dir='ltr'>addidi.</span> <span class='ocrx_word' id='word_1_192' title='bbox 546 3265 560 3313; x_wconf 77' lang='grc'>7</span> <span class='ocrx_word' id='word_1_193' title='bbox 583 3257 763 3326; x_wconf 78' lang='lat' dir='ltr'>plantaverat</span> <span class='ocrx_word' id='word_1_194' title='bbox 790 3259 879 3326; x_wconf 78' lang='lat' dir='ltr'>codd,</span> <span class='ocrx_word' id='word_1_195' title='bbox 906 3256 1105 3326; x_wconf 87' lang='lat' dir='ltr'>plantaverant</span> 
     </span>
     <span class='ocr_line' id='line_1_28' title="bbox 85 3325 1104 3400; baseline -0.006 -15"><span class='ocrx_word' id='word_1_196' title='bbox 85 3332 197 3399; x_wconf 77' lang='lat' dir='ltr'>scripsi.</span> <span class='ocrx_word' id='word_1_197' title='bbox 269 3338 285 3386; x_wconf 89' lang='lat'>8</span> <span class='ocrx_word' id='word_1_198' title='bbox 299 3326 459 3400; x_wconf 85' lang='lat' dir='ltr'>irrigaverit</span> <span class='ocrx_word' id='word_1_199' title='bbox 473 3331 559 3397; x_wconf 76' lang='lat' dir='ltr'>codd,</span> <span class='ocrx_word' id='word_1_200' title='bbox 578 3327 765 3398; x_wconf 78' lang='lat' dir='ltr'>irrigaverunt</span> <span class='ocrx_word' id='word_1_201' title='bbox 782 3329 889 3398; x_wconf 79' lang='lat' dir='ltr'>scripsi.</span> <span class='ocrx_word' id='word_1_202' title='bbox 963 3333 994 3380; x_wconf 76' lang='lat'>1‘1</span> <span class='ocrx_word' id='word_1_203' title='bbox 1010 3325 1104 3380; x_wconf 86' lang='lat' dir='ltr'>ortho-</span> 
     </span>
    </p>
   </div>
   <div class='ocr_carea' id='block_1_4' title="bbox 87 3401 1106 3627">
    <p class='ocr_par' dir='ltr' id='par_1_23' title="bbox 87 3401 1106 3627">
     <span class='ocr_line' id='line_1_29' title="bbox 88 3401 1103 3486; baseline -0.005 -15"><span class='ocrx_word' id='word_1_204' title='bbox 88 3417 157 3472; x_wconf 85' lang='lat' dir='ltr'>doxi</span> <span class='ocrx_word' id='word_1_205' title='bbox 184 3419 228 3486; x_wconf 89' lang='lat' dir='ltr'>D,</span> <span class='ocrx_word' id='word_1_206' title='bbox 254 3419 384 3473; x_wconf 85' lang='lat' dir='ltr'>ortodoxi</span> <span class='ocrx_word' id='word_1_207' title='bbox 406 3419 442 3475; x_wconf 86' lang='lat' dir='ltr'>F.</span> <span class='ocrx_word' id='word_1_208' title='bbox 548 3423 579 3472; x_wconf 82' lang='lat'>19</span> <span class='ocrx_word' id='word_1_209' title='bbox 606 3417 742 3486; x_wconf 83' lang='lat' dir='ltr'>sanguine</span> <span class='ocrx_word' id='word_1_210' title='bbox 769 3417 865 3472; x_wconf 79' lang='lat' dir='ltr'>deiecit</span> <span class='ocrx_word' id='word_1_211' title='bbox 888 3415 930 3480; x_wconf 89' lang='lat' dir='ltr'>D,</span> <span class='ocrx_word' id='word_1_212' title='bbox 955 3401 1052 3482; x_wconf 78' lang='lat' dir='ltr'>raguie</span> <span class='ocrx_word' id='word_1_213' title='bbox 1067 3411 1103 3466; x_wconf 76' lang='lat' dir='ltr'>F.</span> 
     </span>
     <span class='ocr_line' id='line_1_30' title="bbox 88 3483 1106 3560; baseline -0.006 -17"><span class='ocrx_word' id='word_1_214' title='bbox 88 3495 124 3543; x_wconf 78' lang='lat'>22</span> <span class='ocrx_word' id='word_1_215' title='bbox 149 3490 255 3560; x_wconf 90' lang='lat' dir='ltr'>capud,</span> <span class='ocrx_word' id='word_1_216' title='bbox 277 3507 335 3545; x_wconf 80' lang='lat' dir='ltr'>noa</span> <span class='ocrx_word' id='word_1_217' title='bbox 353 3493 438 3559; x_wconf 86' lang='lat' dir='ltr'>caput</span> <span class='ocrx_word' id='word_1_218' title='bbox 462 3495 494 3545; x_wconf 85' lang='lat' dir='ltr'>ut</span> <span class='ocrx_word' id='word_1_219' title='bbox 515 3489 564 3544; x_wconf 82' lang='lat' dir='ltr'>hoc</span> <span class='ocrx_word' id='word_1_220' title='bbox 587 3489 643 3544; x_wconf 84' lang='lat' dir='ltr'>loco</span> <span class='ocrx_word' id='word_1_221' title='bbox 661 3490 701 3544; x_wconf 87' lang='lat' dir='ltr'>sic</span> <span class='ocrx_word' id='word_1_222' title='bbox 721 3488 814 3543; x_wconf 85' lang='lat' dir='ltr'>ceteris</span> <span class='ocrx_word' id='word_1_223' title='bbox 832 3487 863 3540; x_wconf 82' lang='lat' dir='ltr'>ia</span> <span class='ocrx_word' id='word_1_224' title='bbox 882 3485 1020 3540; x_wconf 79' lang='lat' dir='ltr'>codicibus</span> <span class='ocrx_word' id='word_1_225' title='bbox 1038 3483 1106 3538; x_wconf 86' lang='lat' dir='ltr'>scri-</span> 
     </span>
     <span class='ocr_line' id='line_1_31' title="bbox 87 3560 552 3627; baseline 0 -13"><span class='ocrx_word' id='word_1_226' title='bbox 87 3560 181 3627; x_wconf 79' lang='lat' dir='ltr'>bitwr;</span> <span class='ocrx_word' id='word_1_227' title='bbox 200 3563 273 3617; x_wconf 79' lang='lat' dir='ltr'>locus</span> <span class='ocrx_word' id='word_1_228' title='bbox 291 3563 323 3616; x_wconf 81' lang='lat' dir='ltr'>iu</span> <span class='ocrx_word' id='word_1_229' title='bbox 340 3561 370 3614; x_wconf 91' lang='lat' dir='ltr'><em>D</em></span> <span class='ocrx_word' id='word_1_230' title='bbox 388 3563 490 3616; x_wconf 72' lang='lat' dir='ltr'>deletam</span> <span class='ocrx_word' id='word_1_231' title='bbox 507 3565 552 3615; x_wconf 81' lang='lat' dir='ltr'>est.</span> 
     </span>
    </p>
   </div>
   <div class='ocr_carea' id='block_1_5' title="bbox 142 3649 942 3708">
    <p class='ocr_par' dir='ltr' id='par_1_24' title="bbox 142 3649 942 3708">
     <span class='ocr_line' id='line_1_32' title="bbox 142 3649 942 3708; baseline -0.004 -8"><span class='ocrx_word' id='word_1_232' title='bbox 142 3661 232 3700; x_wconf 83' lang='lat' dir='ltr'>Incerti</span> <span class='ocrx_word' id='word_1_233' title='bbox 245 3661 345 3702; x_wconf 82' lang='lat' dir='ltr'>auctoris</span> <span class='ocrx_word' id='word_1_234' title='bbox 360 3661 388 3700; x_wconf 88' lang='lat' dir='ltr'>de</span> <span class='ocrx_word' id='word_1_235' title='bbox 403 3659 553 3702; x_wconf 80' lang='lat' dir='ltr'>Constantino</span> <span class='ocrx_word' id='word_1_236' title='bbox 567 3668 655 3708; x_wconf 73' lang='lat' dir='ltr'>magno.</span> <span class='ocrx_word' id='word_1_237' title='bbox 929 3649 942 3697; x_wconf 92' lang='lat'>1</span> 
     </span>
    </p>
   </div>
   <div class='ocr_carea' id='block_1_6' title="bbox 0 0 1280 4048">
    <p class='ocr_par' dir='ltr' id='par_1_25' title="bbox 0 0 1280 4048">
     <span class='ocr_line' id='line_1_33' title="bbox 0 0 1280 4048; baseline 0 2"><span class='ocrx_word' id='word_1_238' title='bbox 0 0 1280 4048; x_wconf 95' lang='lat' dir='ltr'> </span> 
     </span>
    </p>
   </div>
  </div>
 </body>
</html>
