2546 4036
584 278 799 343 ,48-

187 421 220 483 et
252 416 363 484 decem
394 418 485 484 libris
509 417 564 484 ‘de
593 418 816 486 arithmeticae
844 417 1125 486 institutionibus'
1153 419 1200 484 in·
1265 393 1266 408 ἵ

186 505 333 592 telligere
355 527 537 592 postumus.
766 532 769 538 ·

546 723 629 816 Cap.
657 711 841 796 LXXIV.

276 878 479 964 Victorinus,
506 879 753 945 Petabionensis
787 879 972 964 episcopus,
1003 901 1070 945 non
1099 899 1200 964 aeque

153 967 289 1036 elatine
319 973 357 1032 ut
386 989 501 1054 graece
529 971 673 1034 noverat.
717 966 814 1034 Unde
845 989 945 1053 opera
972 967 1040 1032 eius
1063 967 1200 1052 grandia

179 1055 338 1121 sensibus
352 1057 469 1121 viliora
482 1057 632 1122 videntur
646 1056 881 1139 compositione
896 1057 1078 1122 verborum.
1118 1053 1200 1120 Sunt

187 1143 512 1298 aumileoliriredentarii
534 1234 570 1297 in
593 1231 760 1317 Genesim,
781 1234 817 1298 in
837 1233 1000 1316 Exodum,
1022 1232 1057 1298 in
1075 1231 1196 1296 Leviti-

187 1343 277 1405 cum,
303 1320 338 1384 in
365 1320 511 1404 Esaiam,
538 1321 574 1384 in
600 1320 763 1405 Ezechiel,
789 1322 825 1386 in
848 1321 994 1404 Abacuc,
1023 1321 1059 1384 in
1085 1320 1197 1386 Eccle-

136 1429 169 1479 ιο
188 1409 324 1494 sieeten,
346 1409 382 1474 in
401 1407 572 1474 Canticum
590 1406 813 1493 Cantieorum,
835 1410 871 1474 in
892 1408 1126 1494 Apocalypsim
1149 1407 1197 1474 Io·

186 1497 325 1582 hannis,'
348 1497 530 1564 ‘adversum
553 1519 664 1563 omnes
687 1497 839 1582 hereses',
861 1503 895 1562 et
916 1499 1020 1562 multa
1042 1498 1119 1562 alia

276 1586 328 1650 Ad
351 1589 529 1650 extremum
553 1588 709 1670 martyrio
732 1590 903 1653 coronatus
926 1590 985 1652 est.

559 1820 640 1912 Cap.
668 1819 829 1894 LXXV.

275 1975 465 2061 Pamphilus
480 1976 658 2062 presbyter,
671 1976 807 2042 Eusebii
820 1974 1039 2042 Caesariensis
1053 1974 1201 2058 episcopi

135 2081 168 2132 15
187 2065 399 2148 necessarius,
416 2068 509 2130 tanto
527 2063 744 2131 bibliothecae
763 2065 890 2130 divinae
910 2084 1019 2130 amore
1037 2061 1202 2148 flagravit,

186 2157 224 2216 ut
249 2153 424 2229 maximam
453 2156 578 2238 partem
601 2153 754 2239 Origenis
780 2153 980 2220 voluminum
1013 2173 1073 2216 sua
1100 2173 1201 2216 manu

186 2241 406 2326 descripserit,
431 2264 514 2325 quae
541 2263 643 2326 usque
672 2242 768 2308 hodie
794 2243 829 2306 in
857 2241 1059 2308 Caesariensi
1082 2240 1200 2304 biblio-

185 2329 281 2394 theca
311 2331 480 2397 habentur.
533 2328 597 2396 Sed
628 2331 663 2395 in
695 2331 862 2396 duodecim
895 2329 1072 2414 prophetas
1105 2326 1199 2392 XXV

187 2415 374 2501 ἐξηγήσεων
397 2417 546 2502 Origenis
574 2440 675 2484 manu
698 2419 766 2484 eius
790 2424 923 2485 exarata
944 2417 1089 2502 repperi,
1118 2438 1200 2502 quae

133 2525 168 2575 ιο
186 2509 279 2570 tanto
307 2506 474 2590 amplexor
502 2511 534 2572 et
562 2528 655 2572 servo
683 2507 816 2593 gaudio,
843 2511 880 2573 ut
902 2505 1016 2572 Croesi
1039 2527 1120 2590 opes
1143 2505 1200 2570 ha·

185 2593 260 2658 bere
288 2616 339 2659 me
366 2594 502 2660 credam.
548 2593 584 2660 si
611 2596 698 2659 enim
724 2597 851 2661 laetitia
881 2600 1051 2661 estunam
1076 2595 1197 2678 epistu-

184 2683 251 2746 lam
268 2682 388 2748 hebere
407 2684 574 2768 martyris,
592 2688 715 2768 quanto
734 2684 839 2769 magis
858 2687 909 2749 tot
926 2683 1019 2748 milia
1035 2703 1198 2766 versuum,
1265 2735 1266 2742 ,

186 2793 267 2856 quae
291 2772 370 2837 mihi
393 2772 522 2837 videtur
544 2773 691 2858 signasse
715 2773 765 2838 sui
788 2772 956 2858 sanguinis
979 2771 1145 2856 vestigiis!
1265 2825 1266 2834 ,

274 2859 425 2945 Scripsit,
448 2865 622 2946 antequam
640 2858 802 2926 Eusebius
826 2861 993 2940 scriberet,
1017 2859 1199 2944 apologeti-
1253 2885 1266 2930 η

132 2967 166 3018 25
185 2948 287 3012 ticum
309 2970 368 3033 pro
392 2948 543 3034 Origene,
571 2953 604 3014 et
626 2971 743 3034 passus
767 2952 817 3014 est
840 2947 1017 3014 Caesareae
1040 2946 1200 3014 Palaesti-

184 3053 246 3098 nae
269 3037 329 3101 sub
353 3037 574 3120 persecutione
597 3037 774 3103 Maximini.

258 3233 272 3280 1
292 3225 390 3282 Bamb.
405 3227 637 3282 etNorimb.:·de
656 3228 754 3283 decem
771 3227 851 3284 libris
869 3227 1068 3284 arithmeticae
1085 3227 1199 3284 institu-

185 3298 271 3354 tionis
342 3297 477 3356 4Bemb.
492 3301 522 3354 et
538 3298 679 3362 Norimb.:
696 3298 918 3356 Pictavionensis
995 3303 1029 3354 18
1047 3299 1130 3355 Vah:
1149 3301 1199 3354 bc-

184 3369 267 3425 betur
338 3367 448 3443 Bamb.:
468 3369 517 3423 sed
536 3371 566 3424 et
638 3375 670 3424 19
689 3369 815 3426 Norimb.
837 3373 866 3426 et
880 3369 976 3426 Bern:
997 3367 1131 3442 Origenis
1149 3387 1200 3426 vo·

184 3439 293 3494 lumina
339 3445 399 3504 ,20
412 3439 524 3495 Bamb.:
543 3440 698 3510 amplector
769 3446 803 3496 23
818 3441 931 3496 Bamb.:
949 3441 1083 3497 videntur
1097 3473 1132 3482 -
1151 3459 1201 3498 ve·

184 3507 270 3578 stigia
341 3515 376 3566 26
394 3509 468 3578 Vat,
487 3508 584 3568 Bamb.
604 3513 633 3567 et
650 3509 746 3568 Rern:
765 3511 929 3567 Maximiani
