2552 4048
572 257 789 322 ..66-

172 396 226 462 ‘ad
253 397 466 466 Heliodorum
499 397 776 483 exhortatoriam',
811 397 1067 464 ‘altercationem
1097 397 1195 464 Luci·

171 484 289 550 seriani
309 489 341 550 et
359 486 561 572 Orthodoxi'‚
580 485 766 554 ‘chronicon
784 487 993 553 omnimodae
1010 486 1195 571 historiae',

172 573 218 639 ‘in
240 573 412 641 Ieremiam
443 579 477 640 et
498 573 651 641 Ezechiel
673 574 826 641 homilias
849 573 1001 660 Origenis
1023 573 1195 658 xxvffl',

172 685 253 748 quas
277 661 316 727 de
339 681 456 749 graeco
479 663 515 730 in
543 665 683 730 latinum
705 664 802 747 verti,
830 659 886 729 ‘de
910 661 1105 750 Seraphim’‚
1133 663 1193 729 ‘de

137 767 154 816 5
174 749 329 836 Osanna’,
348 752 398 818 ‘de
417 753 506 839 frugi
525 755 559 818 et
575 752 741 818 luxurioso
764 751 863 838 filiis’,
887 749 937 817 ‘de
962 751 1069 818 tribus
1094 774 1195 837 quae-

171 839 332 905 stionibus
360 841 442 925 legis
472 839 612 925 veten's',
638 839 802 906 ‘homilias
825 841 860 906 in
882 838 1052 906 Canticum
1075 839 1190 907 Canti-

92 998 93 1002 ,
170 927 293 994 corum'
313 928 402 1014 duas,
427 929 594 995 ‘adversus
612 927 820 1014 Helvidium,
844 928 895 994 ‘de
912 927 1036 994 Mariae
1054 929 1194 1015 virgini-

169 1019 237 1081 tale
256 1017 435 1103 perpetua',
450 1017 491 1084 ad
507 1017 722 1088 Eustochium
742 1016 793 1084 ‘de
806 1017 994 1103 virginitate
1009 1016 1194 1102 servanda,

170 1105 211 1168 ad
237 1104 425 1172 Marcellam
460 1106 673 1190 epistularum
704 1105 825 1175 librum
856 1127 972 1191 unum,
1004 1105 1056 1172 ‘de
1083 1109 1194 1172 morte

62 1229 64 1234 ·
117 1208 151 1258 10
169 1191 271 1258 filiae'
304 1193 345 1258 ad
375 1194 525 1278 Paulam,
560 1195 596 1262 in
632 1195 806 1278 epistulam
841 1195 936 1262 Pauli
973 1194 1014 1260 ad
1054 1193 1193 1262 Galatas

170 1282 476 1348 commentariorum
508 1283 610 1348 libros
644 1287 725 1365 tres,
757 1283 836 1348 item
871 1285 907 1348 in
939 1284 1113 1367 epistulam
1148 1283 1192 1348 ad

169 1369 330 1454 Ephesios
354 1372 663 1438 commentariorum
680 1371 782 1438 libros
801 1375 876 1456 tros,
902 1371 937 1436 in
956 1372 1129 1455 epistulam
1148 1371 1191 1436 ad

169 1457 279 1522 Titum
310 1459 430 1525 librum
461 1481 575 1544 unum,
614 1461 649 1524 in
681 1460 859 1544 epistulam
892 1459 933 1526 ad
963 1459 1191 1526 Philemonem

168 1547 287 1611 librum
310 1567 421 1632 unum,
443 1548 479 1612 in
496 1547 722 1614 Ecclesiasten
743 1547 1003 1632 commentarios,
1027 1549 1190 1634 quaestio·

117 1650 150 1700 15
168 1655 246 1699 num
274 1634 499 1723 hebraicarum
527 1637 562 1700 in
586 1635 740 1701 Genesim
770 1636 890 1702 librum
918 1659 1031 1720 unum,
1060 1635 1189 1703 hebrai·
1266 1675 1267 1714 ÷

168 1744 279 1788 corum
301 1724 470 1790 nominum
492 1724 612 1790 librum
634 1747 750 1808 unum,
780 1723 831 1790 ‘do
855 1725 970 1808 spiritu
995 1729 1110 1792 saneto
1134 1725 1192 1791 Di·
1266 1725 1267 1768 ³

168 1810 278 1896 dymi',
310 1833 406 1896 quem
432 1813 468 1877 in
493 1813 632 1878 latinum
658 1812 826 1896 transtuli,
854 1814 973 1879 librum
1001 1835 1120 1899 unum,
1156 1816 1191 1879 in

166 1899 288 1966 Lucam
332 1900 486 1968 homilias
524 1900 674 1986 Origenis
715 1899 870 1986 XXXIX,
907 1901 943 1966 in
984 1903 1130 1987 psalmos
1170 1925 1192 1967 a

167 1988 291 2054 decimo
318 2011 420 2076 usque
448 1991 489 2055 ad
516 1989 628 2074 XVII,
656 1990 821 2076 captivum
843 1989 1056 2075 Monachum,
1085 1992 1190 2057 vitam

115 2091 149 2140 ao
167 2076 255 2142 beati
291 2071 486 2164 Hilarionis3
522 2101 643 2146 novum
680 2082 914 2144 testamentum
955 2101 1069 2166 graece
1111 2081 1191 2146 fidei

166 2163 299 2250 reddidi,
324 2165 539 2252 epistularum
560 2171 669 2234 autem
691 2167 733 2233 ad
750 2165 888 2234 Paulam
912 2171 945 2234 et
962 2167 1191 2250 Eustochium,

167 2253 244 2336 quia
261 2253 394 2321 cottidie
413 2257 607 2340 scribuntur,
630 2256 773 2322 incertus
798 2261 849 2321 est
866 2277 1029 2324 numerus.
1061 2255 1190 2342 Scripsi
1265 2339 1266 2342 Ἴ

165 2345 333 2424 praeterea
359 2344 396 2408 in
417 2343 579 2410 Micheam
609 2343 871 2428 explanationum
898 2345 998 2412 libros
1028 2345 1124 2430 duos,
1154 2347 1190 2412 in
1265 2419 1266 2422 Ἴ

165 2426 275 2496 Naum
292 2430 413 2496 librum
433 2455 543 2518 unum,
566 2433 602 2498 in
620 2429 752 2499 Abacuc
770 2433 872 2500 libros
892 2433 984 2519 duos,
1005 2433 1041 2500 in
1060 2431 1189 2520 Sopho·
1265 2449 1266 2456 ’

111 2531 146 2580 25
165 2517 255 2583 niam
277 2518 397 2585 librum
415 2543 525 2607 unum,
548 2521 584 2586 in
602 2521 774 2608 Aggaeum
792 2523 911 2588 librum
930 2545 1039 2607 unum,
1065 2523 1188 2588 multa·

165 2628 227 2690 que
255 2607 320 2672 alia
346 2607 397 2673 ‘de
425 2631 521 2696 opere
549 2609 755 2695 prophetali',
788 2631 870 2696 quae
899 2632 986 2676 nuno
1015 2609 1122 2678 habeo
1151 2613 1187 2676 in

166 2695 334 2781 manibus,
356 2700 389 2762 et
410 2699 555 2798 necdum⁸
571 2699 701 2784 expleta
723 2701 809 2764 sunt.

236 2874 252 2924 5
279 2870 376 2928 Bamb.
402 2873 456 2928 hoa
483 2872 545 2928 loco
571 2873 663 2928 addit:
693 2874 729 2929 da
758 2874 854 2930 aetate
871 2872 1013 2928 Matmala
1040 2872 1186 2927 Abraham
1264 2877 1265 2892 *

163 2939 373 2998 Melchisedech
445 2949 460 2998 ⁷
479 2943 576 3000 Bamh.
596 2943 729 2999 adversus
747 2945 827 3000 Helv.
846 2959 933 2999 unam
950 2944 1103 3014 epistulam

110 3075 114 3081 Δ
165 3016 199 3064 10
217 3009 314 3066 Bamb.
334 3014 364 3069 ot
381 3011 520 3070 Norimb.:
538 3014 615 3072 filiae
633 3031 698 3070 suae
771 3021 803 3070 11
822 3015 933 3072 Bamb.:
953 3032 969 3070 e
989 3013 1035 3071 ist
1054 3012 1139 3070 Pauli

166 3085 198 3135 12
217 3079 315 3137 Bamb.
335 3083 426 3140 euna
447 3083 478 3138 in
501 3099 517 3140 e
538 3083 653 3142 istulam
676 3083 801 3142 eiusdem
825 3087 862 3141 ad
880 3083 961 3141 Timo
995 3101 1060 3140 enm
1077 3085 1186 3140 librum

162 3167 250 3207 unum
301 3157 334 3208 lc
347 3153 520 3210 Norimb.ad
541 3155 576 3212 'tz
589 3157 624 3211 da
638 3155 709 3212 loeis
722 3156 825 3212 librum
838 3173 926 3211 unum
978 3161 1011 3211 18
1027 3156 1186 3226 ‘Origenia’
1263 3173 1264 3226 j

162 3222 286 3278 deestin
300 3223 377 3279 Bam.
392 3224 559 3280 etNorimb.
611 3233 644 3281 19
663 3227 774 3283 asma:
788 3243 878 3296 usque
892 3226 1021 3294 adXV13
1067 3227 1186 3282 Bamb.:
1263 3235 1264 3262 ³

162 3293 252 3348 vitam
275 3294 382 3365 captivi
404 3296 547 3366 monachi3
570 3297 710 3354 Norint:
736 3297 771 3352 de
792 3297 907 3368 captivo
924 3297 1075 3364 monacho;

163 3369 197 3418 21
217 3364 345 3422 Norint.
364 3366 455 3421 addit:
473 3369 554 3423 vetuo
572 3368 653 3424 iuxta
670 3367 832 3424 hebraicam
849 3365 982 3424 transtuli

590 3531 749 3539 m
