2552 4048
481 277 698 340 ..79-

82 417 299 484 ‘Palaestinae
328 418 579 484 ecclesiasticam
605 415 799 500 historiam',
827 415 927 501 Hyeti
960 416 1100 482 Romani

81 505 300 592 <sententias',
336 505 472 592 Euagrii
500 505 713 590 ‘sententias',
744 505 909 590 Pamphili
942 505 1098 590 martyria

82 594 266 662 ‘adversum
295 593 565 662 mathematicos'.
610 593 738 660 Horum
761 593 905 660 omnium
929 614 1099 677 quaecum·

19 749 20 804 l
82 682 910 858 arrectaria&hatteha
937 681 1096 835 titt
1133 787 1150 836 ⁶

19 853 21 926 i
82 861 243 926 translata
270 865 358 946 sunt,
386 819 442 946 qti
468 861 641 946 prologum
664 859 771 926 lacere
798 819 924 943 noluit3'
946 856 1097 944 Origenis

19 973 20 1000 2
82 953 188 1014 autem
212 969 282 1014 non
304 949 428 1035 omnia,
451 949 527 1034 quia
549 952 584 1014 et
605 947 826 1032 Hieronymus
848 946 1017 1012 transtulit
1040 947 1097 1012 ali-

19 1085 20 1096 2
53 1041 204 1122 =quenta
228 1059 311 1123 qnae
331 1059 390 1104 suo
410 1039 545 1122 prologo
563 1037 795 1104 discernuntur.
827 1034 963 1118 Proprie
987 1038 1097 1101 autem

81 1126 201 1205 labore,
224 1127 327 1214 immo
350 1127 475 1214 gratiae
497 1125 560 1192 Dei
582 1126 667 1192 dono
687 1125 836 1210 exposuit
857 1124 943 1189 idem
960 1121 1096 1190 Rufinus

82 1213 302 1300 ‘symbolum’,
333 1220 372 1282 ut
398 1215 433 1280 in
461 1216 529 1281 eius
561 1214 804 1299 comparatione
831 1213 888 1278 alii
914 1234 974 1278 nec
1001 1231 1150 1298 expo-10

83 1304 187 1369 suisse
216 1305 397 1370 credantur.
447 1301 610 1370 Disseruit
640 1306 674 1368 et
702 1301 971 1368 ‘benedictionem
997 1299 1096 1367 Iacob

82 1413 178 1477 super
200 1392 416 1477 patriarchas'
438 1392 573 1476 triplici,
596 1391 631 1456 id
654 1394 713 1475 est,
736 1389 902 1474 historico,
924 1389 1040 1454 morali
1064 1395 1098 1454 et

81 1481 218 1566 mystico
242 1503 348 1548 sensu,
393 1480 532 1566 Scripsit
558 1483 592 1544 et
613 1479 770 1564 epistulas
798 1477 837 1544 ad
861 1478 1012 1542 timorem
1035 1475 1096 1542 Dei

80 1567 281 1635 hortatorias
300 1571 428 1654 multas,
450 1571 536 1635 inter
558 1589 640 1653 quaa
664 1568 808 1633 eminent
829 1566 916 1650 illae,
938 1587 1018 1649 quas
1043 1555 1096 1630 ‘ad

79 1656 233 1724 Probam'
262 1658 359 1724 dedit.
403 1657 568 1726 Historiae
588 1657 694 1722 etiam
717 1655 967 1738 ecclesiasticae,
999 1675 1096 1741 quam
1116 1670 1149 1721 15

79 1747 117 1811 ab
140 1747 288 1813 Eusebio
316 1748 533 1833 conscriptam
562 1749 595 1812 et
617 1746 659 1810 ab
681 1746 750 1810 istc
777 1743 915 1810 diximus
938 1744 1095 1827 interpre-

79 1837 192 1920 tatam,
217 1835 343 1902 addidit
361 1836 522 1902 decimum
545 1839 579 1900 et
600 1833 806 1898 undecimum
824 1833 935 1896 libros.
977 1829 1040 1896 Sed
1063 1835 1096 1896 et

78 1924 289 1990 obtrectatori
329 1925 557 2009 opusculorum
598 1943 730 1988 suorum
766 1919 933 2003 respondit
970 1918 1095 1983 duobus

77 2012 313 2097 voluminibus,
341 2033 479 2099 arguens
503 2016 536 2077 et
559 2012 753 2078 convincens
777 2030 811 2074 se
833 2007 896 2072 Dei
918 2007 1039 2072 intuitu
1064 2010 1096 2070 et

78 2100 231 2166 ecclcsiae
259 2101 401 2167 utilitate
424 2100 566 2167 Domino
590 2097 768 2166 auxiliante
794 2095 963 2181 ingenium
991 2095 1094 2180 agita
1114 2112 1148 2161 20

77 2189 174 2272 visse,
202 2189 296 2258 illum
328 2209 405 2256 vero
433 2189 659 2256 aemulationis
691 2186 823 2252 stimulo
852 2183 1024 2250 incitatum
1053 2184 1095 2248 ad

79 2277 272 2362 obloquium
295 2279 407 2344 stilum
429 2278 574 2344 vertisse.

456 2459 537 2550 Cap.
564 2457 717 2530 XVIII.

164 2595 341 2662 Tichonius
365 2595 457 2680 Afer,
480 2596 515 2660 in
538 2595 655 2660 divinis
677 2595 796 2661 litteris
820 2593 980 2678 eruditus,
1003 2593 1094 2658 iuxta

75 2683 248 2751 historiam
275 2683 473 2751 sufficienter
500 2689 534 2750 et
556 2683 592 2749 in
615 2683 836 2750 saecularibus
863 2703 939 2766 non,
960 2681 1093 2768 ignarus
1113 2687 1147 2743 at

74 2771 135 2838 luit
168 2775 204 2838 et
239 2772 275 2837 in
315 2772 542 2850 ecclesiasticis
580 2793 707 2858 quoquc
740 2769 882 2857 negotiis
919 2767 1092 2834 studiosus.

76 2857 216 2946 Scripsit
248 2859 303 2926 ‘de
334 2861 422 2927 bello
456 2860 628 2926 intestino'
659 2859 761 2925 libros
794 2863 827 2924 et
859 2856 1092 2944 ‘expositiones

75 2948 276 3016 diversarum
290 2948 481 3034 causarum,
494 2949 529 3014 in
542 2949 659 3033 quibus
669 2950 711 3015 ob
726 2969 858 3014 suorum
872 2944 1092 3012 defensionem

75 3037 284 3124 antiquarum
304 3037 454 3104 meminit
476 3035 681 3121 synodorum.
716 3035 745 3102 E
765 3036 882 3122 quibus
906 3034 1094 3121 agnoscitur

74 3123 282 3191 Donatianae
308 3127 411 3212 partis
440 3125 550 3190 fuisse.
596 3123 789 3209 Composuit
811 3127 845 3190 et
875 3122 1029 3210 ‘regulas'
1053 3121 1093 3188 ad
1112 3137 1147 3186 eo

75 3213 336 3300 investigandam
382 3220 416 3281 et
461 3213 796 3300 comprehendendam
840 3211 1093 3299 intelligentiam

145 3393 161 3442 r
180 3387 259 3444 var
278 3359 431 3444 mauric
504 3394 538 3444 u
555 3387 667 3444 eamus
686 3387 848 3458 pneuma
927 3390 963 3440 as
980 3384 1093 3440 samer.

73 3457 289 3584 maim
370 3465 405 3516 29
423 3459 537 3516 Bamb.=
556 3475 572 3514 a
591 3457 693 3528 quibus
713 3457 841 3514 omnibns
927 3461 960 3510 tl
980 3455 1092 3511 sama:
