2552 4048
579 283 794 348 ..15-

181 447 217 511 in
248 445 356 510 insula
387 443 597 528 dormientes,
628 442 693 527 ipsi
724 464 784 507 nos
816 462 880 505 una
912 462 985 505 eum
1018 438 1058 502 iis
1093 459 1204 502 naves

181 536 322 599 intrasse
344 532 483 598 fortasse
507 531 672 597 credentes
691 531 787 596 nobis
810 530 863 594 hic
886 527 1126 594 dormientibus
1151 549 1204 590 re·

180 623 265 688 lictis
288 619 510 686 recesserunt'.

126 706 172 771 25
270 710 320 776 De
351 709 494 774 tentorio
527 730 667 793 quoque,
698 708 733 772 in
766 730 829 792 quc
862 707 923 791 ipsi
955 707 1110 790 coniuges
1141 727 1204 788 per

182 803 312 865 noctem
343 798 554 878 dormierant,
587 819 625 862 ac
657 819 767 861 eorum
800 795 957 860 universis
988 793 1230 860 lectisterniiss

184 889 307 973 capetis
336 890 369 952 et
396 887 608 971 apparatibus
636 885 788 969 pretiosis
818 888 850 949 et
876 883 1042 948 nobilibus
1071 883 1203 947 nullam

184 977 315 1061 penitus
338 976 534 1039 mentionem
552 975 658 1040 facere
677 974 747 1038 ausi
765 973 895 1037 fuerunt
917 972 1080 1055 timentes,
1103 971 1203 1056 quod,

185 1066 213 1130 si
236 1065 386 1129 homines
408 1063 458 1128 illi
480 1086 532 1128 res
554 1063 741 1128 huiusmodi
764 1068 797 1127 et
821 1083 931 1126 earum
958 1061 1203 1145 pretiositatem

183 1154 344 1234 viderent,
381 1175 450 1216 rem
482 1153 531 1216 ita
563 1173 633 1216 esse
665 1152 749 1216 sieut
781 1150 976 1216 rettulerant
1011 1149 1203 1214 nullatenus

185 1241 408 1306 existimantes
432 1240 471 1304 de
496 1241 536 1304 iis
560 1241 698 1305 fortasse
718 1240 814 1305 aliter
833 1239 977 1304 facerent
995 1261 1094 1322 quam
1118 1238 1203 1320 ipsis
1218 1256 1239 1295 1⁰

184 1335 218 1396 et
244 1329 382 1394 utilitati
410 1350 521 1393 eorum
544 1328 743 1414 conveniret3
772 1349 907 1411 quorum
931 1328 1047 1392 timore
1071 1327 1139 1410 ipsi
1163 1327 1203 1390 de

183 1417 358 1503 praedictis
381 1417 591 1482 lectisterniis
615 1424 648 1482 et
674 1417 772 1481 rebus
796 1415 986 1498 simpliciter
1009 1419 1042 1479 et
1066 1415 1202 1480 omnino

183 1510 356 1572 tacuerunt
380 1509 413 1570 et
436 1527 490 1570 eas
513 1506 645 1590 perdere
664 1509 697 1570 et
719 1505 766 1569 ibi
785 1505 949 1570 dimittere
968 1504 1077 1586 potius
1102 1525 1202 1586 quam

182 1596 348 1680 periculis,
377 1617 458 1678 quae
483 1594 685 1677 expeditione
711 1595 855 1676 ipsarum
880 1593 1007 1658 evenire
1030 1592 1202 1674 timebant,

183 1707 218 1748 se
251 1682 442 1748 submittere
474 1682 690 1746 decreverunt.
740 1680 898 1746 Homines
932 1684 1041 1746 autem
1077 1680 1130 1744 illi
1169 1684 1201 1744 et
1216 1697 1256 1766 1⁵,

183 1773 314 1836 navium
339 1771 519 1860 eorundem·
535 1771 667 1854 patroni
689 1770 836 1835 videntes
865 1771 953 1854 ipsos
976 1775 1045 1835 tam
1068 1768 1201 1834 iuvenes

184 1865 219 1926 et
241 1860 425 1946 praeclaros
448 1881 508 1924 nec
532 1859 696 1924 credentes
716 1881 771 1923 eos
795 1858 927 1942 aliquod
951 1857 1101 1923 fictitium
1126 1880 1201 1922 con·
1255 1855 1256 1858 ’

183 1951 305 2034 fingere
325 1949 405 2013 scire
426 1948 481 2013 sed
499 1971 568 2012 rem
592 1948 639 2012 ita
658 1969 727 2012 esse
748 1947 832 2012 sicut
854 1947 1048 2012 rettulerant
1066 1947 1200 2011 omnino

186 2037 398 2102 aestimantes
419 2037 522 2102 dictos
537 2037 691 2121 coniuges
706 2035 927 2105 misericordia
941 2036 1023 2099 moti
1043 2033 1082 2098 ad
1101 2056 1199 2099 naves
1255 2079 1256 2112 ,

186 2147 260 2190 suas
289 2125 501 2208 suscipientes
529 2147 630 2208 usque
659 2124 699 2188 ad
730 2129 862 2209 portum
892 2124 1127 2208 Romanorum,
1160 2121 1256 2208 adso}

186 2217 376 2298 quamtum
399 2213 482 2278 alias
505 2214 584 2278 ituri
608 2217 713 2297 erant,
737 2234 845 2277 secum
868 2213 1094 2297 perduxerunt.

131 2298 174 2362 26
275 2301 357 2366 Cum
371 2305 479 2366 autem
493 2302 532 2366 ad
547 2301 685 2366 Romam
699 2301 932 2384 pervenissent,
952 2300 1199 2386 gavisi-fuerunt

185 2389 304 2474 gaudio
332 2410 451 2474 magno
480 2389 573 2454 valde
598 2393 631 2452 et
658 2389 753 2453 deum
780 2389 815 2453 in
838 2390 989 2455 cordibus
1013 2388 1080 2454 suis
1106 2389 1200 2452 bene·

185 2479 326 2543 dicentes
346 2477 508 2542 dixerunt:
534 2476 694 2561 ‘Domina
713 2477 791 2542 deus
811 2479 1027 2562 omnipotens,
1047 2477 1103 2562 qui
1121 2500 1198 2542 nun·
1255 2473 1256 2544 ξ

185 2588 283 2650 quam
310 2565 429 2629 deseris
460 2568 628 2649 sperantes
652 2565 685 2630 in
709 2571 755 2649 te,
783 2566 846 2630 tibi
874 2567 996 2651 gratias
1020 2565 1197 2650 referimus,
1210 2579 1229 2620 2⁵
1255 2571 1256 2638 j

186 2655 324 2739 quinos
348 2653 387 2718 de
410 2658 515 2720 morte
538 2654 578 2718 ad
601 2655 716 2738 vitam,
740 2654 778 2718 de
796 2655 949 2738 periculis
972 2655 1196 2738 navigantium
1255 2651 1256 2654 '

186 2744 227 2808 ad
249 2743 416 2808 felicitatis
440 2748 584 2828 portum,
612 2744 651 2808 de
679 2743 886 2808 damnatione
910 2743 950 2806 ad
973 2744 1059 2807 viam
1083 2743 1195 2807 salutis
1255 2749 1256 2752 ’

185 2833 373 2916 perduxisti.
411 2831 490 2908 Quis
510 2833 597 2897 enim
615 2853 769 2916 umquam
789 2831 931 2915 speravit
949 2831 985 2895 in
1003 2835 1049 2916 te,
1068 2831 1195 2915 quispe

186 2943 244 2985 sua
266 2921 422 2985 frustrata
445 2925 592 3005 optatum
614 2943 680 2986 non
704 2921 910 3003 consequitur
927 2919 1111 2984 intentum?
1146 2917 1195 2983 De

185 3007 251 3072 isto
274 3029 334 3072 nec
351 3009 459 3093 aliqua
477 3010 711 3095 scripturarum
729 3012 840 3074 narrat
857 3008 997 3073 historia
1016 3029 1075 3072 neo
1093 3008 1192 3072 cuius·
1205 3022 1226 3063 ³⁰
1255 3033 1256 3038 ¹

187 3117 312 3179 cunque
334 3097 475 3162 viventis
498 3100 637 3164 refertur
661 3120 732 3163 esse
755 3096 931 3162 memoria'.
975 3096 1021 3160 Et
1044 3119 1115 3160 cum
1136 3096 1196 3180 ipsi

187 3184 228 3249 ad
246 3187 378 3268 portum
396 3188 433 3249 ut
450 3187 594 3270 praedixi
614 3187 861 3272 applicuissent,
884 3189 1037 3250 exeuntes
1056 3185 1095 3249 de
1112 3185 1195 3248 navi·
1255 3181 1256 3184 '

187 3273 249 3337 bus
274 3277 306 3338 et
330 3274 437 3338 soluto
460 3277 558 3340 naulo
583 3275 649 3340 suis
674 3297 746 3340 cum
770 3275 950 3358 gratiarum
970 3274 1097 3338 actione
1115 3273 1195 3338 vale·

187 3362 338 3426 dixerunt
365 3364 521 3446 patronis.
565 3363 611 3428 Et
641 3363 780 3448 ingressi
812 3363 926 3430 urbem
953 3361 1090 3426 Romam
1118 3359 1195 3427 Ocn-

260 3559 293 3607 27
313 3555 513 3624 dampnatione
532 3557 607 3612 codd.
