2552 4048
513 298 729 365 ..13-

112 455 356 542 solitudinibus,
375 479 472 544 quam
491 459 715 524 intermediam
735 459 874 523 scientes
898 457 937 522 ad
960 456 1124 542 perficien-

111 547 187 610 dam
215 569 293 612 suae
320 547 504 612 traditionis
531 547 700 631 perfidiam
726 546 985 633 praeelegerant,
1012 547 1125 631 rapido

111 639 212 699 ventu
235 635 372 718 provebi
395 639 579 722 coegerunt.
626 633 769 718 Oumque
792 637 833 701 ad
856 636 963 720 ipsam
985 635 1126 700 insulam

111 728 309 790 mercatores
336 725 493 809 praedicti
526 747 599 790 cum
633 727 699 789 suis
729 726 867 790 navibus
895 723 1127 808 pervenissent,

84 829 97 868 5
112 812 257 898 alligati
271 815 409 878 navibus
425 818 670 879 se'nocturnam
685 815 829 898 requiem
847 814 967 878 ibidem
984 813 1125 897 recipere

111 902 196 966 velle
221 903 447 968 confinxerunt
469 907 502 966 et
520 907 676 968 exeuntes
701 903 739 968 de
761 903 899 968 navibus
923 902 1045 967 cibaria
1068 925 1127 966 sua

111 1012 173 1074 pro
202 1012 282 1055 cena
310 991 344 1055 in
372 993 477 1076 ipsam
505 992 645 1057 insulam
667 1013 862 1076 praeparare
883 991 1038 1056 fecerunt.
1082 989 1127 1055 Et

112 1101 195 1143 cena
231 1079 320 1144 facta
355 1081 524 1164 noctisque
555 1081 698 1145 tenebris
732 1081 812 1146 lucis
844 1080 908 1144 diei
945 1080 1126 1146 claritatem

113 1168 384 1234 obumbrantibus
417 1171 611 1234 mercatores
643 1169 777 1253 pessimi
809 1169 1021 1234 nobilissimis
1051 1191 1125 1234 eon-

72 1274 97 1313 10
112 1257 245 1342 iugibus
268 1259 445 1323 tentorium
472 1259 595 1342 fingere
623 1263 656 1322 et
682 1259 718 1322 in
742 1281 779 1324 eo
801 1258 982 1323 thalamum
1004 1259 1039 1322 in
1062 1281 1126 1342 quo

112 1346 219 1410 noctis
248 1347 393 1432 requiem
423 1368 578 1432 peragere
607 1348 763 1414 deberent
792 1349 862 1412 fieri
891 1347 1005 1411 callide
1035 1369 1125 1411 man·

111 1434 280 1500 deveniat.

201 1521 304 1589 Facta
322 1527 430 1588 autem
448 1527 544 1590 nocte
563 1524 642 1590 dicti
660 1525 814 1608 coniuges
832 1545 866 1589 sc
885 1524 926 1588 ad
944 1523 1125 1590 thalamum
1135 1524 1179 1588 20

111 1613 219 1695 ipsum
249 1613 289 1678 iis
318 1634 385 1678 non
418 1612 460 1677 ad
488 1614 634 1698 requiem
665 1614 721 1678 sed
752 1614 793 1678 ad
821 1613 1014 1698 perditionis
1047 1635 1125 1678 suae

70 1716 96 1756 1⁵
112 1700 234 1765 dudum
266 1701 513 1785 praeordinatae
545 1703 714 1768 interitum
741 1707 892 1786 paratum
923 1703 1125 1768 intraverunt

111 1793 145 1854 et
173 1791 208 1854 in
235 1791 307 1874 ipso
336 1791 441 1854 omnis
468 1791 593 1856 fraudis
622 1795 655 1854 et
684 1792 848 1874 nequitiae
872 1813 953 1875 quae
982 1791 1124 1874 deipsis

111 1879 314 1943 tractabatur
342 1878 437 1944 inscii
464 1883 570 1945 totam
594 1883 723 1945 noctem
751 1880 787 1944 in
810 1880 939 1944 solaciis
963 1879 1069 1944 solitis
1093 1883 1126 1943 et

110 1967 221 2051 requie
240 1967 470 2052 expenderunt.
506 1967 635 2033 Aurora
653 1967 762 2032 aute'm
781 1973 889 2033 ortum
907 1968 971 2032 diei
990 1989 1124 2053 sequen-

110 2057 157 2120 tis
180 2056 344 2121 indicante
367 2059 561 2122 mercatores
584 2056 741 2141 praedicti
759 2061 881 2122 secrete
900 2060 1068 2140 surgentes
1092 2060 1125 2120 et

69 2145 294 2229 recogitatum
318 2167 412 2210 suum
434 2146 615 2231 malignum
642 2145 684 2210 ad
711 2145 858 2210 effectum
880 2145 1052 2230 perducere
1075 2167 1124 2210 sa·

111 2237 263 2318 tegentes
286 2256 387 2299 naves
410 2233 569 2299 intrantes
592 2234 733 2299 dimissis
756 2237 833 2318 post
855 2255 890 2299 se
913 2234 1124 2299 nobilissimis

112 2323 305 2408 coniugibus
336 2322 439 2408 adhuc
469 2345 585 2408 sopore
615 2324 774 2408 depressis
804 2323 921 2388 abinde
950 2323 1064 2387 furtim
1092 2326 1125 2388 et

112 2411 260 2476 celeriter
288 2412 441 2496 navigare
465 2416 641 2497 coeperunt
654 2411 790 2478 ‘familia
817 2413 1014 2496 interempta
1036 2413 1123 2497 cogi·

111 2504 221 2564 tantas
252 2501 298 2564 sic
328 2502 426 2564 etiam
453 2501 644 2566 innoeentes
677 2501 810 2584 perdere
846 2502 1014 2587 coniuges,
1043 2523 1123 2586 quos

69 2605 96 2644 2⁵
112 2588 192 2654 deus
215 2589 500 2672 praeordinaverat
523 2589 564 2654 ad
587 2589 797 2654 obtinendum
817 2594 850 2654 et
868 2590 1043 2676 regendum
1063 2611 1123 2674 pro

110 2677 222 2743 futura
254 2677 405 2742 ecclesiae
437 2699 576 2762 sponsae
609 2699 685 2742 suae
718 2679 821 2743 salute
856 2680 960 2743 totius
996 2679 1123 2761 imperii

110 2767 337 2850 principatum.

200 2855 296 2920 Mane
319 2858 428 2920 autem
445 2855 533 2920 facto
553 2855 706 2940 coniuges
724 2855 788 2938 ipsi
807 2855 998 2940 evigilantes
1017 2855 1174 2938 coepit2l

112 2966 233 3028 sponsa
251 2944 356 3010 dicere
375 2966 494 3028 sponso
514 2967 588 3009 suo:
608 2943 790 3029 ‘surgamus
808 2965 848 3008 ne
868 2945 896 3008 si
913 2943 998 3008 forte
1013 2965 1122 3028 super-

69 3048 97 3088 30
111 3034 246 3098 veniant
273 3036 467 3098 mercatores
495 3033 645 3118 magistri
671 3033 777 3098 nostri
805 3036 838 3097 et
863 3033 1032 3098 inveniant
1061 3055 1122 3098 nos

110 3121 226 3206 nudos,
245 3143 285 3186 ex
304 3143 367 3206 quo
386 3121 610 3186 verecundiam
629 3121 820 3206 recipiemus
840 3143 922 3206 quae
940 3144 1007 3187 non
1024 3121 1123 3187 licet’.

111 3209 164 3275 Ad
183 3232 264 3295 quae
279 3207 513 3276 Constantinus
532 3211 729 3295 respondens
749 3211 811 3277 ait:
831 3210 1043 3276 ‘Permittetis
1061 3231 1122 3276 nos

111 3300 289 3383 quiescere3
316 3300 380 3382 ipsi
403 3300 490 3365 enim
512 3321 570 3383 per
593 3300 750 3366 familiam
773 3301 961 3386 deputatam
984 3321 1043 3365 nos
1067 3321 1121 3365 ex-

161 3516 216 3634 l1t
241 3509 375 3633 dpberent
396 3510 508 3578 scripsi,
532 3509 685 3565 debuerant
706 3510 783 3565 codd.
883 3515 917 3564 26
941 3508 1059 3564 ecclesie
1083 3509 1121 3575 D,

112 3596 161 3635 ecc
173 3595 232 3636 esra
281 3623 288 3637 .
