2552 4048
467 277 712 343 -105-

78 439 252 492 sacrarum,
275 419 509 504 scripturarum
538 419 788 504 summatimque
815 419 892 486 ierit
921 419 1095 484 osteudens

74 504 286 576 Nestorianis
309 507 415 575 Deum
442 509 478 573 in
510 508 658 593 homine,
689 531 758 575 non
785 530 903 592 purum
929 507 1096 574 hominem

77 621 116 666 ex
139 597 280 682 Virgine
303 600 430 682 natum,
458 597 689 682 Eutychianis,
711 619 820 663 veram
843 597 977 662 humani
1001 617 1096 681 gene·

75 690 121 754 ris
145 707 279 753 carnem
303 685 411 752 aDeo
435 689 638 769 assumptam
661 689 695 750 et
712 709 780 754 non
802 687 841 751 de
860 686 950 750 caelo
971 685 1096 750 exhibi-

78 782 155 844 tam·
164 797 227 840 nec
251 775 352 840 crassi
371 775 455 842 aeris
474 776 692 840 substantiam
715 777 750 842 in
772 796 901 840 carnem
924 775 1097 839 incessisse
1133 788 1149 838 5

77 868 270 948 formatam3
299 862 538 948 Timotheanis,
567 865 615 928 ita
637 863 783 930 Verbum
811 885 941 930 carnem
963 863 1097 942 factum,

13 1037 14 1042 ἵ
77 959 115 1020 ut
136 956 294 1020 manente
306 951 417 1018 Verbo
435 953 470 1018 in
493 975 552 1018 sua
570 953 754 1018 substantia
776 957 810 1018 et
827 952 959 1018 homine
981 953 1016 1016 in
1039 973 1097 1016 sua

78 1047 199 1108 natura
223 1043 393 1126 societate,
416 1062 483 1106 non
505 1041 662 1106 mixtione
685 1063 786 1106 unam
808 1040 885 1106 Filii
907 1039 969 1106 Dei
991 1039 1096 1104 reddi·

78 1133 166 1197 disse
188 1152 373 1215 personam.
410 1129 528 1196 Vivere
551 1129 655 1196 adhuc
679 1131 764 1214 apud
779 1128 1097 1214 Constantinopolim

13 1221 14 1298 1
79 1221 207 1286 dicitur.
243 1217 329 1284 Nam
343 1219 439 1284 initio
454 1217 567 1284 collati
580 1219 760 1285 Anthemio
778 1219 907 1304 imperii
926 1222 958 1284 et
976 1218 1097 1302 scripta
1117 1233 1152 1282 10

13 1331 14 1358 ³
78 1311 148 1375 eius
173 1310 207 1372 et
229 1331 303 1374 eum
327 1329 396 1373 esse
418 1309 454 1372 iu
478 1329 574 1373 carne
597 1309 744 1394 cognovi.

425 1471 506 1562 Cap.
538 1470 763 1542 LXXXIV.

171 1609 384 1692 Claudianus,
398 1608 596 1674 Viennensis
617 1609 769 1674 ecclesiae
787 1609 967 1693 presbyter,
985 1607 1036 1672 vir
1058 1607 1099 1672 ad

79 1700 280 1786 loquendum
304 1697 421 1764 artifex
444 1701 478 1764 et
501 1698 541 1762 ad
561 1697 792 1781 disputandum
812 1697 950 1782 subtilis,
969 1717 1098 1780 compo-

80 1791 149 1856 suit
171 1793 240 1854 tres
264 1787 369 1872 ‘quasi
387 1787 426 1851 de
446 1789 535 1852 statu
552 1787 604 1850 vel
624 1786 807 1850 substantia
826 1783 965 1851 animae'
988 1785 1098 1866 libros,
1119 1797 1152 1848 11

78 1879 259 1964 inquibus
288 1877 358 1961 agit
385 1875 567 1940 intentione
574 1923 583 1958 ,
612 1878 769 1959 quatenus
798 1873 949 1938 ostendat
977 1872 1100 1956 aliquid

13 2039 14 2048 χ
81 1989 155 2034 esse
178 1969 406 2050 incorporeum
428 1967 557 2048 praeter
579 1962 694 2028 Deum.

173 2055 313 2139 Scripsit
335 2057 368 2118 et
391 2053 456 2118 alia
473 2051 645 2130 nonnulla,
669 2051 754 2116 inter
772 2072 854 2136 quae
878 2053 912 2116 et
931 2050 1100 2135 ‘hymnum

79 2147 120 2211 de
155 2143 309 2230 passione
341 2139 501 2226 Domini’,
534 2140 623 2205 ouius
657 2139 852 2224 principium
885 2142 948 2204 est:
978 2137 1100 2222 ‘pange

78 2235 198 2320 lingua
220 2229 375 2319 gloriosi'.
411 2229 488 2294 Fuit
508 2232 618 2296 autem
641 2227 742 2295 frater
759 2228 923 2312 Mamerti,
937 2227 1099 2293 Viennen-
1118 2244 1153 2294 ao

82 2325 129 2389 sis
154 2323 308 2407 episcopi.

441 2411 522 2503 cap.
550 2410 752 2482 nxxxu

177 2549 328 2635 Prosper,
342 2549 440 2614 homo
452 2549 666 2633 Aquitanicae
680 2549 834 2632 regionis,
848 2569 997 2614 sermone
1012 2545 1101 2612 scho-

83 2641 220 2708 lasticus
249 2643 282 2704 et
304 2639 539 2704 assertionibus
562 2659 729 2721 nervosus,
752 2637 858 2702 multa
881 2635 1100 2719 composuisse

83 2732 214 2814 dieitur,
241 2751 280 2794 ex
304 2728 420 2811 quibus
449 2747 509 2812 ego
538 2725 691 2791 chronica
713 2725 845 2790 nomine
869 2724 958 2788 illius
982 2723 1100 2805 praeti-
1119 2739 1153 2788 25

84 2821 192 2886 tulata
223 2817 289 2902 legi
322 2815 524 2882 coutinentia
554 2837 574 2878 1
608 2813 706 2899 primi
736 2813 879 2879 hominis
913 2810 1101 2877 condicione

13 2979 14 2986 χ
84 2909 179 2974 iuxta
201 2905 382 2971 divinarum
406 2905 639 2988 scripturarum
666 2901 763 2966 fidem
785 2900 953 2986 usquead
977 2899 1101 2964 obitum

13 3055 14 3092 ,
84 2993 312 3062 Valentiniani
335 2992 482 3078 Augusti
505 2994 538 3056 et
565 2989 786 3075 captivitatem
813 2989 903 3054 urbis
931 2987 1054 3055 Romae
1083 3011 1103 3052 1

161 3175 175 3224 1
195 3167 308 3222 Bamb.:
327 3166 489 3222 summatim
508 3181 580 3235 quae
598 3165 683 3220 fuerit
773 3169 788 3218 5
807 3162 919 3218 Bamb.:
944 3163 1103 3218 substantia

86 3240 119 3295 in
137 3256 221 3296 carne
243 3237 390 3293 incessisse
413 3238 566 3293 formatum
638 3235 783 3292 asama:
807 3234 879 3290 vivit
902 3277 909 3292 .
929 3279 935 3292 .
956 3275 962 3289 .
985 3234 1018 3287 ut
1035 3231 1103 3286 dici-

88 3315 135 3366 tur
207 3313 241 3364 14
260 3309 354 3364 Beria:
376 3307 412 3363 ad
427 3309 565 3378 quaedam
582 3307 650 3362 satis
724 3312 756 3361 15
775 3305 887 3362 Bamb.:
905 3303 1012 3359 tresde
1027 3304 1104 3358 statu

89 3389 132 3437 16.
152 3381 201 3436 al:
225 3379 382 3434 intentione
404 3381 465 3434 tcta
551 3384 585 3434 18
603 3379 682 3433 Haec
700 3379 799 3434 verba:
823 3375 936 3444 scripsit
953 3375 1006 3428 etc.
1030 3373 1103 3428 desi-

91 3452 223 3508 derantur
241 3449 272 3504 in
285 3447 382 3506 Bamb.
398 3451 427 3506 et
440 3450 522 3504 Bern.
595 3453 629 3504 16
649 3448 788 3504 Norint:
808 3444 951 3500 chronicas
1005 3441 1102 3499 Bamb.

91 3524 121 3578 et
138 3522 232 3580 Bern:
251 3519 373 3577 nominis
