2552 4048
556 275 776 340 ...84-

157 419 246 484 tione
264 416 398 484 Domini
421 418 469 482 ita
487 417 626 501 scripsit,
648 419 685 480 ut
705 413 912 480 manentibus
930 413 965 478 in
988 435 1027 479 eo
1051 414 1179 479 duabus

157 507 284 572 naturis
307 529 372 571 una
395 507 545 572 credatur
566 504 643 570 Filii
665 503 727 568 Dei
749 523 896 586 persona.

528 687 610 778 Cup.
642 683 811 756 XXVII.

249 825 387 892 Ursinus
402 824 579 890 monachus
599 823 729 907 scripsit
747 822 901 887 adversus
915 843 979 906 eos,
998 821 1053 904 qui
1066 821 1184 905 rebap-

124 914 306 984 ctizandos
334 914 492 980 hereticos
524 913 716 995 decernunt,
750 911 869 976 docens
905 931 965 975 nec
996 909 1184 995 legitimum

159 1025 229 1070 esse
251 1025 311 1068 nec
332 1001 402 1068 Deo
425 1002 569 1088 dignum,
591 1000 789 1084 rebaptizari
811 1000 885 1064 illos
909 999 965 1083 qui
989 998 1024 1062 in
1046 998 1184 1063 nomine

160 1091 349 1175 simpliciter
379 1089 500 1156 Christi
531 1091 583 1155 vel
614 1089 650 1153 in
680 1089 810 1154 nomine
837 1087 944 1152 Patris
978 1090 1011 1151 ct
1037 1086 1115 1151 Filii
1148 1090 1185 1150 et

161 1179 301 1263 Spiritus
325 1179 442 1260 sancti,
465 1178 613 1263 quamvis
636 1199 736 1262 pravo
760 1197 857 1242 sensu
880 1175 1100 1260 baptizentur,
1125 1175 1185 1240 sed

160 1271 236 1352 post
258 1270 389 1333 sanctae
408 1266 580 1331 Trinitatis
604 1271 638 1330 et
656 1265 778 1331 Christi
801 1264 981 1348 simplicem
1005 1263 1184 1330 confessio·

107 1375 141 1424 ro
160 1377 235 1420 nem
259 1355 405 1421 sufficere
432 1355 634 1420 adsalutem
657 1375 772 1418 manus
799 1353 1042 1436 impositionem
1071 1352 1184 1417 catho-

161 1445 216 1510 lici
239 1444 436 1526 sacerdotis.¹

519 1553 601 1642 cap.
633 1551 826 1623 xxviii.

250 1687 411 1754 Macarius
440 1689 522 1753 alter
551 1688 730 1753 monachus
759 1689 888 1772 scripsit
914 1689 949 1753 in
971 1688 1051 1753 urbe
1075 1687 1184 1752 Roma

163 1777 328 1844 ‘adversus
357 1775 615 1842 mathematicos'
639 1777 752 1860 libros,
780 1777 815 1841 in
845 1799 908 1862 quo
936 1777 1047 1842 labore
1077 1777 1185 1842 orian-

111 1867 278 1935 letalium
303 1865 463 1952 quaesivit
486 1865 604 1931 solatia
627 1865 867 1948 scripturarum.

542 2045 624 2136 Cup.
655 2045 805 2116 XXIX.

250 2182 456 2268 Heliodorus,
470 2182 695 2248 Antiochenus
715 2183 894 2267 presbyter,
908 2182 1010 2247 edidit
1024 2183 1063 2247 de
1083 2183 1185 2270 virgi-

161 2274 264 2337 nitate
278 2273 445 2358 egregium
459 2275 492 2337 et
501 2271 623 2336 sanctis
634 2271 802 2354 scripturis
816 2272 1011 2336 instructum
1020 2271 1186 2337 volumen.

557 2451 639 2542 Cap.
671 2451 798 2522 XXX.

109 2611 144 2658 20
252 2588 430 2671 Iohannes,
458 2587 840 2672 Constantinopolitanae
870 2589 1054 2674 episcopus,
1083 2589 1185 2654 admi·

162 2677 283 2743 rendae
316 2677 470 2742 scientiae
503 2678 552 2741 vir
583 2681 616 2740 et
643 2677 691 2741 ita
723 2699 761 2741 ao
793 2677 964 2742 sanctitate
994 2677 1185 2744 hominibus

161 2765 348 2850 imitandus,
373 2766 506 2850 scripsit
525 2766 628 2829 multa
652 2770 685 2829 et
706 2764 800 2830 valde
827 2767 1009 2832 necessaria
1032 2769 1186 2833 omnibus

163 2855 203 2918 ad
231 2855 340 2920 divina
363 2855 612 2939 properantibus
636 2855 792 2938 praemie3
825 2856 982 2940 equibus
1012 2860 1089 2920 sunt
1111 2857 1185 2920 illa:
1262 2893 1263 2900 ξ

165 2943 214 3005 ‘dc
239 2945 486 3027 compunctione
510 2939 646 3008 enimae’
672 2942 755 3007 liber
778 2965 878 3026 unus,
902 2943 1076 3009 ‘neminem
1098 2946 1187 3010 laedi
1262 2965 1263 3025 ᾗ

111 3049 144 3098 25
163 3031 227 3094 nisi
256 3053 275 3095 a
303 3036 406 3097 semet
433 3030 532 3116 ipso',
559 3031 605 3096 ‘in
632 3031 761 3096 laudem
792 3031 880 3096 beati
907 3031 1001 3097 Pauli
1030 3032 1184 3116 apostoli'

238 3175 251 3220 1
272 3169 369 3226 Bamb.
393 3171 422 3224 et
439 3169 579 3225 Norimb.:
607 3171 641 3225 de
664 3169 857 3226 incarnatione
876 3186 942 3226 vero
966 3170 1020 3239 ita3
1039 3171 1138 3226 Bamb.
1158 3173 1188 3226 et

164 3239 303 3294 Norimb.:
323 3256 357 3294 ea
444 3247 476 3294 13
495 3240 593 3296 Bamb.
614 3243 644 3295 et
661 3241 801 3296 Norimb.:
822 3242 893 3296 alius
985 3247 1019 3294 14
1037 3241 1137 3297 Bamb.
1158 3245 1187 3296 et

163 3310 303 3365 Norimb.:
318 3309 421 3364 librum
491 3317 523 3365 17
540 3310 639 3367 Bamb.
654 3313 683 3366 et
697 3312 837 3366 Norimb.:
852 3313 885 3366 H.
902 3312 974 3367 alius
1043 3311 1186 3366 Norimb.:

164 3380 331 3436 Antiochiae
427 3387 462 3436 20
480 3381 570 3436 Huius
593 3381 726 3437 Iohannis
749 3383 845 3438 Bamb.
871 3385 899 3438 et
923 3382 1049 3438 Norimb.
1081 3383 1187 3452 aliique

164 3449 335 3530 mentionem
359 3469 414 3506 non
436 3451 550 3508 faciunt.
581 3451 682 3508 Confer
701 3456 787 3523 caput
805 3454 878 3521 XXI,
901 3454 932 3508 in
955 3455 1011 3522 duo
1031 3454 1110 3508 haud
1128 3454 1187 3508 saio

165 3536 201 3573 an
219 3521 295 3575 idem
314 3524 452 3578 lohannes
466 3525 644 3578 memoretur.
