2546 4036
448 289 673 354 ...13-

50 425 227 512 eeolesiss',
247 430 281 492 et
298 427 339 493 ed
353 425 563 494 Colossenses
584 427 718 496 ‘salutet
734 449 792 494 vos
806 427 910 495 Luoes
928 430 1072 496 medicus

48 514 288 632 eeriss'imus'j¹
308 519 341 581 et
368 515 418 582 ed
451 515 672 620 Timotheum:
706 517 826 583 ‘Luees
857 522 908 620 est
944 539 1072 584 meeum

48 602 587 780 ttzrpttltttttttl
600 607 1073 780 sssslttdffztdtetd

50 803 155 867 usque
173 782 218 847 ad
231 782 401 848 biennium
414 782 539 849 Romee
557 784 789 850 commorantis
802 783 898 850 Pauli
915 783 1072 870 pervenit,
1109 799 1125 848 o

49 871 82 936 id
109 874 176 955 est,
208 891 311 955 usque
338 871 379 936 sd
408 874 559 956 quartum
587 873 746 938 decimum
773 870 915 938 Neronis
944 895 1072 940 aunum.

49 959 100 1026 Ex
124 981 192 1046 quo
215 959 432 1046 intelligimus
453 959 489 1026 in
511 960 624 1026 eedem
646 961 727 1026 urbe
749 961 868 1026 librum
891 983 962 1028 esse
985 983 1072 1027 eom-

51 1049 209 1133 positum'.
248 1047 356 1136 Igitur
377 1044 559 1132 περιόδους
581 1049 676 1115 Peuli
699 1053 733 1114 et
751 1047 889 1116 Theolee
912 1054 946 1116 et
967 1053 1072 1116 tutem

50 1137 212 1222 baptizati
231 1135 337 1204 leonis
357 1137 514 1202 fabulum
526 1138 613 1202 inter
630 1138 816 1224 apocrypha
840 1143 1071 1224 computemus.

51 1225 154 1302 Quale
182 1226 271 1291 enim
299 1229 363 1311 est,
391 1229 429 1291 ut
458 1226 642 1292 individuus
674 1249 782 1293 comes
815 1227 957 1311 apostoli
987 1228 1074 1293 inter
1093 1243 1127 1292 10

51 1318 178 1380 ceteras
202 1315 272 1380 eius
294 1323 347 1380 res
368 1315 432 1380 hoo
460 1316 564 1381 solum
587 1316 812 1402 ignoraverit?
853 1315 915 1382 Sed
939 1320 972 1382 et
995 1317 1071 1382 Ter-

50 1403 220 1488 tullianus,
234 1404 360 1470 vieinus
378 1403 510 1468 illorum
525 1408 716 1489 temporum,
729 1405 830 1470 refert
843 1405 1071 1489 presbyterum

53 1493 216 1577 quendam
230 1493 265 1557 in
279 1493 370 1578 Asis,
383 1489 601 1578 σπουδαστὴν
615 1493 758 1578 apostoli
771 1491 874 1578 Pauli,
888 1494 1072 1559 convictum

53 1581 141 1666 apud
158 1581 354 1666 Johenuem,
372 1581 464 1667 -quod
483 1584 596 1649 euotor
617 1585 704 1648 esset
726 1581 812 1665 libri,
835 1585 869 1647 et
887 1583 1071 1648 confessum

54 1692 88 1735 se
109 1671 175 1735 hoo
197 1669 293 1735 Psuli
316 1691 426 1736 amore
449 1671 565 1736 fecisse
589 1673 623 1736 et
643 1672 715 1737 loeo
740 1670 907 1738 excidisse.
1093 1684 1126 1734 15

143 1757 284 1836 Quidam
318 1760 539 1844 suspieentur,
575 1761 840 1845 quotiescumque
879 1759 1001 1825 Paulus
1038 1761 1073 1823 in

54 1847 202 1932 epistulis
222 1847 290 1912 suis
308 1848 395 1913 diost
412 1845 521 1913 ‘iuxta
539 1847 744 1932 evangelium
762 1847 892 1930 meum',
910 1847 950 1912 de
966 1847 1073 1914 Luoee

53 1935 1074 2110 tttlittldtttt‚⁰tll⁰5t”ttdrltffldltdltl

52 2113 162 2197 fuerit,
188 2111 297 2178 sedet
318 2136 339 2178 e
353 2115 468 2180 ceteris
492 2113 657 2198 apostolis.
695 2111 787 2189 Quod
805 2113 875 2198 ipse
890 2135 1016 2198 qnoque
1039 2114 1127 2184 ineo

52 2202 213 2287 prinoipio
241 2202 416 2268 voluminis
445 2203 496 2268 sui
522 2203 665 2267 deeleret
691 2201 815 2267 dicens:
847 2201 947 2267 ‘siout
973 2202 1073 2267 tredi-

53 2291 171 2356 derunt
193 2291 289 2356 nobis
314 2292 370 2376 qui
393 2314 413 2356 a
434 2291 597 2376 principio
618 2291 681 2376 ipsi
703 2290 855 2356 viderunt
877 2294 910 2355 et
932 2290 1074 2355 ministri

53 2380 187 2444 fuerunt
211 2378 390 2445 sermonis!
435 2379 541 2465 Igitur
564 2380 782 2466 evangelium,
812 2381 896 2446 sieut
918 2378 1073 2464 audieret,

54 2469 199 2553 scripsit3
237 2471 312 2534 eote
342 2489 417 2533 vero
451 2469 687 2554 apostolorum,
720 2469 805 2534 siout
835 2469 963 2534 videret
993 2467 1074 2553 ipse,

54 2556 247 2640 composuit.
304 2554 455 2641 Sepultus
488 2561 538 2622 est
569 2555 869 2642 Constantinopoli,
903 2556 944 2622 sd
976 2579 1074 2642 quam
1093 2569 1127 2618 25
1188 2613 1197 2638 ,

54 2645 169 2711 urbem
188 2645 342 2710 uicesimo
358 2642 544 2711 Constantii
558 2642 643 2712 anno
663 2667 738 2712 osse
752 2646 820 2712 eius
841 2667 914 2712 eum
927 2645 1073 2730 reliquiis

55 2733 207 2798 Andreae
232 2733 372 2817 apostoli
394 2735 554 2800 translate
577 2738 660 2799 sunt.
707 2802 709 2808 Α

125 2915 140 2962 1
161 2907 268 2962 Ooloss.
284 2913 311 2976 4,
331 2914 365 2962 14
437 2915 453 2964 2
473 2908 571 2964 Bemb.
586 2911 616 2963 et
629 2909 702 2963 Bem
716 2909 746 2962 et
759 2906 899 2962 Norint:
914 2905 1074 2962 carissimus

53 2995 131 3034 mens
211 2979 246 3033 ef.
265 2985 281 3033 2
297 2977 410 3048 rimu,
426 2986 458 3034 11
535 2985 553 3034 4
571 2981 601 3034 et
622 2978 703 3034 Bern.
724 2979 754 3034 et
770 2977 896 3033 Norimb.
915 2979 945 3033 et
961 2977 1074 3034 Remis:

52 3051 239 3172 praenotetur
338 3056 355 3104 9
373 3051 471 3107 Bemb.
491 3053 520 3106 et
536 3050 678 3106 Norint:
706 3049 883 3120 apocryphas
910 3047 1074 3119 scripturam

76 3138 134 3178 ern
149 3122 181 3176 et
193 3119 335 3176 Norint:
350 3123 546 3192 computemus
601 3127 635 3178 10
648 3119 760 3176 namn:
779 3120 855 3190 quod
914 3125 947 3176 15
961 3119 1073 3176 Bamb.:

53 3194 81 3246 et
99 3193 154 3248 hoe
173 3192 249 3260 loeo;
276 3189 417 3248 Norimb.:
442 3195 471 3247 et
489 3193 524 3248 de
542 3193 604 3249 loeo
683 3198 715 3247 17
735 3190 847 3249 Bemb.:
871 3192 964 3262 ipsum
981 3193 1074 3246 Luoee
1183 3209 1185 3214 ’

53 3261 212 3332 signifieere
227 3262 362 3318 volumen
431 3269 464 3318 18
479 3263 541 3319 elii:
555 3263 685 3334 sportolo
699 3263 789 3318 Peulo
856 3269 892 3318 20
906 3261 968 3318 elii:
982 3262 1076 3316 fueret

53 3339 86 3388 25
105 3335 172 3391 Vst.
192 3336 223 3390 et
237 3333 353 3390 Bemb.:
372 3332 648 3406 Constantinopolim
