2552 4048
489 287 703 349 ,17-

70 445 253 510 stantinus
281 447 350 530 ipse
378 446 549 530 coniugem
577 467 669 510 suam
693 447 734 510 ad
756 447 951 531 hospitium,
979 449 1102 534 inquo

71 538 224 599 matrem
245 557 336 600 suam
355 533 514 598 Helenam
538 538 615 599 ante
640 539 780 619 quatuor
804 557 906 609 annos
926 537 1102 622 dimiserat,

75 645 197 688 secum
220 624 377 708 perduxit.

176 712 224 778 Et
251 713 410 784 intrantes
438 712 569 777 domum
596 713 719 797 pariter
741 713 867 778 Helena
889 718 993 780 mater
1017 713 1153 784 (ion-27

51 802 227 866 ostantini
255 824 328 868 cum
355 801 490 866 vidisset
516 801 619 866 filium
648 803 687 866 de
709 803 860 887 pretiosis
883 805 1101 885 vestibusin-

80 891 200 972 dutum
231 895 264 954 et
294 913 402 956 secum
431 894 500 955 tam
529 891 674 956 nobilem
703 895 835 976 tamque
864 893 1033 976 pulchram
1064 917 1102 960 ac

79 980 166 1045 bene
202 983 351 1045 ornatam
383 981 550 1045 mulierem
583 982 763 1065 gerentem,
793 1003 865 1046 eum
894 1005 914 1046 a
941 983 1101 1067 principio

81 1090 152 1134 non
188 1070 343 1156 cognovit
374 1090 471 1154 seque
503 1069 539 1132 in
571 1090 709 1152 persona
741 1069 800 1134 filii
832 1071 901 1136 fore
935 1071 1101 1156 deceptam

84 1159 281 1223 aestimavit.
319 1157 381 1224 Sed
405 1180 478 1223 cum
497 1154 732 1223 Constantinus
752 1159 782 1223 ei
800 1163 905 1224 totam
923 1161 970 1225 rei
989 1165 1100 1246 gestae

41 1247 204 1312 roseriam
223 1251 336 1332 utpote
355 1247 492 1332 qualiter
511 1269 531 1310 a
549 1247 784 1314 mercatoribus
800 1247 958 1314 Romanis
978 1273 997 1314 a
1015 1251 1102 1334 prin·

84 1337 171 1420 cipio
201 1341 314 1421 captus
342 1341 376 1400 et
402 1336 438 1400 in
466 1335 613 1401 domibus
642 1337 787 1421 ipsorum
815 1338 967 1404 educatus
995 1339 1102 1424 fuerit,

85 1426 225 1511 qualiter
249 1447 376 1510 quoque
400 1425 459 1490 sub
482 1425 614 1491 nominc
637 1426 696 1490 filii
719 1426 923 1511 imperatoris
947 1427 987 1491 ad
1002 1426 1101 1492 Grae-

85 1515 169 1580 ciam
188 1515 362 1599 perductus
382 1514 445 1579 sibi
462 1535 615 1598 praesens
634 1515 758 1599 mulier,
777 1515 982 1600 imperatoris
1002 1515 1100 1581 Grae-

88 1626 198 1668 corum
222 1604 306 1688 filia,
333 1604 367 1668 in
394 1625 527 1668 uxorem
556 1604 680 1669 sociata
707 1605 867 1670 exstiterit
895 1627 932 1669 ac
961 1605 1100 1690 qualiter

44 1711 74 1750 15
88 1694 177 1776 ipsos
201 1691 278 1758 dicti
301 1696 498 1758 mercatores
522 1693 557 1756 in
575 1693 691 1774 insula,
709 1697 747 1758 ut
765 1693 850 1759 fame
874 1695 1100 1780 interficerent,

87 1782 278 1846 dimiserant
297 1785 330 1846 et
349 1803 426 1846 casu
449 1781 505 1844 alii
528 1786 725 1846 mercatores
748 1782 869 1847 ibidem
892 1787 1099 1848 transeuntes

88 1893 142 1936 eos
171 1871 211 1936 ad
239 1870 378 1935 Romam
406 1870 634 1955 perduxerant,
662 1891 794 1935 narrare
822 1871 1007 1955 incepisset,
1035 1894 1099 1955 quo

37 1966 44 1978 '
88 1959 198 2025 audito
222 1958 349 2024 Helena
378 1981 476 2044 supra
504 1959 635 2024 modurn
660 1959 843 2043 stupefacta
865 1959 969 2024 filium
992 1961 1100 2045 coepit

90 2049 275 2134 diligentius
299 2049 417 2113 intueri
451 2052 484 2112 et
515 2051 584 2112 tam
612 2070 650 2112 ex
678 2048 810 2132 loquela
838 2070 934 2133 quam
964 2071 1002 2113 ex
1030 2071 1099 2134 spe-

51 2159 79 2196 20
93 2139 224 2203 cialibus
240 2138 350 2223 gestis,
365 2160 446 2222 quos
460 2137 568 2222 ipsum
582 2137 617 2200 in
634 2137 802 2203 iuventute
815 2141 952 2202 noverat
970 2137 1100 2223 habere,

91 2250 186 2312 qnam
205 2227 304 2291 etiarn
324 2227 396 2291 aliis
414 2225 543 2292 indiciis
563 2227 668 2312 magis
687 2248 725 2291 ac
738 2226 844 2312 magis
858 2227 964 2312 ipsum
979 2247 1096 2311 cogno-

91 2338 175 2382 scere
189 2317 310 2400 incepit
318 2338 377 2380 nec
388 2319 498 2380 tamen
507 2319 640 2399 propter
652 2315 731 2380 facti
741 2316 956 2401 quantitatem
968 2321 1100 2399 stupen-

91 2405 163 2470 dam
177 2405 285 2490 potuit
299 2405 431 2469 reddere
446 2405 526 2469 satis
541 2408 672 2488 certam,
682 2409 792 2470 tamen
806 2405 974 2488 compulsa
989 2425 1098 2470 amore

93 2495 241 2578 seipsam
261 2493 381 2558 diutius
402 2493 566 2558 continere
584 2515 650 2558 non
665 2495 775 2559 valens
794 2493 934 2578 procidit
953 2494 987 2559 in
1004 2494 1097 2558 lacri-

53 2601 80 2640 25
94 2606 161 2648 mas
185 2586 216 2646 et
239 2605 315 2666 prae
338 2583 457 2667 gaudio
481 2581 680 2646 amarissime
703 2583 780 2648 flere
803 2584 918 2666 coepit.
951 2653 957 2658 ,

178 2670 223 2736 Et
259 2692 392 2757 surgens
429 2693 502 2736 cunr
543 2670 735 2736 festinantia
771 2672 878 2755 ipsum
916 2671 1099 2754 amplexata
1108 2675 1151 2739 28

94 2782 225 2845 eumque
256 2763 413 2845 tanquam
450 2759 553 2830 filium
591 2781 684 2824 suum
720 2759 924 2844 unigenitum
959 2760 1100 2823 materni

95 2849 192 2914 osculi
216 2849 382 2914 dulcedine
405 2849 527 2933 recepit
549 2847 668 2914 dicens:
702 2847 780 2912 ‘Fili
808 2848 854 2912 mi
882 2847 1099 2927 dilectissime,

94 2939 172 3002 bene
202 2939 342 3020 veneris3
374 2938 452 3002 deus
489 2937 694 3020 omnipotens
728 2937 771 3002 sit
806 2936 1007 3021 benedictus,
1043 2937 1098 3022 qui

56 3045 82 3084 ³0
95 3030 125 3090 te
147 3027 225 3091 mihi
247 3027 403 3105 restituit,
427 3027 557 3092 unicum
580 3028 690 3090 lumen
714 3048 835 3110 meum,
863 3025 1033 3091 benedicta
1057 3027 1100 3091 sit

96 3115 159 3181 dies
181 3116 254 3200 ista,
266 3115 306 3190 in
329 3138 392 3199 qua
415 3119 447 3179 te
466 3115 581 3200 recepi,
601 3115 638 3179 de
658 3116 748 3181 cuius
766 3115 1009 3199 recuperatione
1033 3115 1098 3180 iam

96 3204 208 3269 dudum
231 3226 320 3268 eram
343 3204 524 3288 desperata3
549 3204 646 3270 hodie
665 3205 742 3270 deus
762 3204 970 3270 afflictionem
993 3225 1099 3267 meam

162 3362 338 3432 egerentem
360 3362 461 3430 scripsi
480 3378 536 3430 pro
559 3363 659 3418 codicis
682 3363 713 3417 F
737 3364 878 3432 scriptino
904 3362 1012 3415 retente
1035 3363 1097 3428 (ret-

95 3437 252 3501 mosara
275 3433 308 3487 in
325 3432 356 3486 D
373 3433 438 3488 tace
460 3447 514 3488 cca
531 3433 618 3488 delas
635 3439 681 3489 est.
753 3439 784 3488 11
803 3434 927 3502 ipsorum
944 3431 982 3498 D,
1002 3447 1098 3485 eorum

95 3502 128 3556 F.
230 3508 263 3558 15
281 3503 374 3558 insula
391 3503 430 3572 D,
452 3503 572 3558 insulam
596 3503 633 3559 F.
652 3535 685 3544 —-
704 3506 873 3562 dedicatione
890 3502 1028 3573 panicus
1045 3517 1099 3558 esec

96 3575 196 3630 otddar
212 3579 245 3628 at
262 3575 294 3629 ic
312 3575 400 3644 capite
418 3579 462 3630 48.

144 3673 224 3715 Incerti
238 3674 338 3717 auctoris
352 3674 379 3716 de
395 3673 545 3716 coartantino
559 3674 652 3723 Manno.
919 3667 935 3714 9.
