2552 4048
515 249 733 313 -f25-

109 425 173 470 sua
206 405 343 492 coniuge
378 415 548 492 praesente
585 431 699 474 sanum
732 431 803 474 cum
835 407 953 493 gaudio
993 409 1129 494 suscepi.

109 491 177 558 Sed
200 494 240 560 de
262 499 356 560 tanta
379 499 516 584 coniuge
540 498 722 580 stupefacta
749 497 953 561 decreveram
975 497 1041 561 iam
1063 521 1129 564 una

109 603 187 647 cum
220 582 349 668 iisdem,
388 586 488 670 quod,
519 585 584 650 nisi
614 585 731 650 fuisset
761 585 951 650 mandatum
983 588 1128 651 vestrum

108 674 183 735 tam
207 672 326 738 seriose
348 674 431 738 mihi
453 674 589 758 factum,
612 695 777 759 nunquam
796 673 895 739 alicui
913 673 1037 738 viventi
1058 674 1127 738 eius

78 775 92 814 ⁵
110 759 335 825 condicionem
359 767 391 827 εὴ
415 767 565 828 eventum
587 764 637 828 rei
659 763 826 847 dixissem,
854 761 909 827 scd
933 761 969 826 in
991 784 1127 846 pauper-

108 851 182 912 tate
201 851 235 912 st
252 849 291 913 de
308 851 476 916 laboribus
494 873 649 918 manuum
667 873 812 916 mearum
830 851 954 916 victum
975 872 1127 934 quaerere

109 937 328 1020 cogitavimus
352 939 393 1004 ad
415 943 564 1024 tempora
586 941 674 1004 vitae
696 939 850 1005 nostrae'.

201 1024 384 1110 Imperator
407 1049 487 1114 uero
516 1029 554 1094 de
582 1029 684 1094 tantis
712 1032 746 1092 et
775 1029 897 1093 talibus
922 1027 1126 1093 sermonibus
1136 1033 1180 1099 39

108 1113 251 1178 multum
283 1113 482 1199 stupefactus
515 1120 548 1181 et
578 1118 666 1182 ultra
693 1131 790 1201 quam
817 1117 905 1182 credi
936 1120 1047 1200 potest
1074 1116 1127 1180 ad·

68 1224 94 1262 10
108 1201 234 1266 mirans
262 1203 320 1268 ait:
355 1204 411 1268 ‘Et
440 1206 601 1290 quomodo
629 1209 740 1290 potest
766 1207 829 1270 iste
856 1205 943 1270 filius
971 1226 1062 1270 meus
1093 1209 1127 1270 et

110 1310 207 1372 quem
234 1291 341 1375 ipsum
370 1293 408 1357 de
436 1294 528 1359 vobis
555 1293 746 1379 generavi?'
790 1293 974 1377 Respondit
999 1293 1127 1358 Helena

109 1379 233 1444 dicens:
272 1379 422 1448 ‘Domine
453 1383 629 1466 imperator
659 1383 779 1468 viginti
810 1383 905 1446 annis
941 1381 1060 1466 elapsis
1093 1385 1128 1445 et

110 1467 252 1550 amphus
284 1491 348 1535 uno
381 1470 506 1535 dierum
533 1491 593 1558 ego
626 1491 698 1536 cum
726 1471 823 1536 sociis
850 1470 945 1553 meis,
975 1492 1058 1554 quae
1086 1470 1126 1534 ad

109 1557 226 1620 urbem
249 1555 376 1623 Roman
399 1559 544 1624 venimus
573 1560 614 1624 ad
637 1560 835 1624 visitandum
862 1559 978 1622 limina
1001 1562 1126 1624 sancto·

69 1664 95 1705 15
109 1667 196 1729 rum,
218 1646 357 1711 transivi
380 1669 439 1730 per
460 1651 593 1732 pontem
617 1647 743 1712 Tiberis
768 1652 801 1713 et
818 1648 912 1712 vobis
931 1669 970 1712 ex
989 1647 1126 1712 adverso

111 1754 184 1797 curn
207 1734 405 1800 satellitibus
427 1737 546 1800 vestris
568 1737 714 1800 venienti
735 1757 811 1800 casu
830 1735 1038 1800 occurrebam
1055 1756 1126 1800 vos-

110 1842 172 1905 que
206 1823 318 1887 statim
350 1823 459 1888 missis
492 1825 687 1908 quibusdam
719 1847 758 1888 ex
792 1824 910 1888 vestris
946 1823 1126 1887 mandastis

109 1909 233 1992 hospiti
260 1932 332 1976 meo
360 1933 413 1976 me
440 1916 512 1977 tum
539 1913 668 1995 penitus
700 1913 906 1997 ignorantem
937 1915 975 1975 ut
1002 1933 1054 1976 mc
1085 1911 1125 1975 de

109 1997 254 2084 hospitio
287 2021 345 2064 suo
376 2022 443 2066 non
475 2000 657 2066 dimitteret
688 2001 757 2085 sed,
789 2001 890 2065 donec
921 2000 1125 2084 propositum

71 2091 253 2151 actestrum
286 2088 325 2152 de
357 2111 409 2153 me
442 2093 633 2172 conceptum
665 2090 862 2173 expleretur,
895 2089 980 2172 apud
1011 2111 1045 2153 se
1076 2109 1125 2151 re-

110 2175 240 2240 tineret.
280 2175 409 2261 Hospes
437 2199 512 2242 vero
537 2182 686 2262 suscepto
710 2177 864 2242 mandato
894 2177 1058 2260 imperiali
1080 2176 1126 2263 di-

111 2265 219 2330 missis
243 2265 316 2330 aliis
340 2267 497 2338 consociis
521 2267 602 2332 meis
623 2289 676 2332 me
698 2267 834 2331 retinuit
852 2271 885 2331 et
903 2265 983 2330 mihi
1002 2265 1125 2329 furtum

112 2352 279 2419 cuiusdam
306 2355 354 2418 rei
383 2377 474 2440 suae,
503 2378 599 2440 quam
626 2355 690 2421 sibi
717 2355 859 2420 furatam
888 2354 1039 2436 asseruit,
1067 2353 1125 2418 im-

111 2462 234 2524 ponens
253 2443 291 2506 de
310 2442 455 2525 hospitio
476 2465 534 2508 suo
552 2445 701 2510 recedere
718 2466 785 2510 non
802 2443 960 2527 permisit.
992 2442 1124 2526 Vosque

74 2548 99 2589 aa
113 2533 208 2614 capta
226 2532 472 2614 opportunitate
492 2532 532 2595 ad
555 2532 641 2596 idem
663 2533 844 2616 hospitium
863 2533 997 2597 venistis
1021 2535 1055 2594 et
1072 2553 1124 2595 me

111 2619 339 2702 pauperculam
362 2619 441 2684 flore
463 2619 639 2702 pudicitiae
662 2641 753 2685 meae
776 2625 891 2686 contra
918 2641 1046 2684 omnem
1069 2641 1125 2684 vo·

112 2708 269 2772 luntatem
283 2729 390 2772 meam
410 2712 443 2772 ct
462 2708 546 2774 sicut
564 2709 688 2792 placuit
707 2707 894 2772 denudastis
915 2711 948 2772 at
965 2707 1124 2770 violenter

112 2796 329 2879 oppressistis.
364 2797 409 2861 Et
432 2797 615 2882 insignum
639 2797 725 2880 quod
744 2796 853 2861 omnia
875 2797 941 2860 ista
958 2815 1036 2860 vera
1058 2795 1126 2858 sint

113 2903 182 2948 ecca
214 2884 368 2949 annulum
401 2889 558 2969 vestrum,
593 2905 666 2950 ecce
697 2885 865 2950 humerale
897 2887 1124 2949 ornamentum

76 2990 101 3030 ao
113 2971 292 3056 imperiale,
321 2995 400 3056 quas
423 2995 475 3038 res
498 2975 533 3038 in
560 2973 770 3039 defloratione
792 2995 866 3038 mea
888 2972 970 3036 mihi
993 2973 1124 3036 amaris·

114 3059 190 3126 sime
214 3061 304 3126 flenti
329 3066 362 3126 et
385 3061 425 3126 de
447 3065 635 3145 perpetrata
658 3061 744 3126 circa
766 3083 818 3126 me
838 3061 976 3126 nimium
1000 3060 1125 3126 dolenti

115 3149 250 3233 quadam
273 3149 396 3233 pietate
420 3153 527 3215 motus
552 3149 715 3215 tribuistis
740 3153 773 3214 et
796 3173 876 3235 quas
900 3149 987 3234 apud
1010 3171 1061 3214 me
1089 3149 1124 3212 in

8 3379 10 3440 ζ
164 3437 166 3442 ,
183 3382 215 3431 10
229 3377 327 3446 potest
340 3375 395 3430 iste
409 3377 448 3444 D,
466 3376 520 3432 iste
535 3377 632 3447 potest
645 3376 681 3431 F.
752 3383 784 3432 15
798 3375 905 3446 tyberis
919 3377 958 3445 D,
972 3375 1071 3430 tiberis
1087 3375 1122 3429 F.

115 3451 146 3500 20
164 3446 199 3500 de
216 3463 262 3500 me
280 3446 323 3513 1),
343 3447 378 3501 de
396 3465 425 3502 m
444 3447 480 3502 F.
573 3453 606 3504 25
626 3448 817 3518 oportunitate
836 3450 912 3504 codd.
1003 3453 1037 3502 26
1056 3444 1123 3502 flore

117 3519 202 3585 codd,
220 3519 336 3584 fortasse
353 3520 524 3576 scribendam
543 3524 594 3574 est:
613 3519 643 3572 in
660 3518 736 3573 flore.
829 3527 863 3576 30
881 3517 969 3572 michi
986 3518 1025 3586 D,
1045 3513 1070 3568 ni
1085 3517 1122 3572 F.
