<?xml version="1.0" encoding="UTF-8"?>
<!DOCTYPE html PUBLIC "-//W3C//DTD XHTML 1.0 Transitional//EN"
    "http://www.w3.org/TR/xhtml1/DTD/xhtml1-transitional.dtd">
<html xmlns="http://www.w3.org/1999/xhtml" xml:lang="en" lang="en">
 <head>
  <title>
</title>
<meta http-equiv="Content-Type" content="text/html;charset=utf-8" />
  <meta name='ocr-system' content='tesseract 3.04.00' />
  <meta name='ocr-capabilities' content='ocr_page ocr_carea ocr_par ocr_line ocrx_word'/>
</head>
<body>
  <div class='ocr_page' id='page_1' title='image "./devirisinlustri00herdgoog_0160.png"; bbox 0 0 2552 4048; ppageno 0'>
   <div class='ocr_carea' id='block_1_1' title="bbox 568 275 807 340">
    <p class='ocr_par' dir='ltr' id='par_1_1' title="bbox 568 275 807 340">
     <span class='ocr_line' id='line_1_1' title="bbox 568 275 807 340; baseline 0 -1"><span class='ocrx_word' id='word_1_1' title='bbox 568 275 807 340; x_wconf 83' lang='lat'>-108-</span> 
     </span>
    </p>
   </div>
   <div class='ocr_carea' id='block_1_2' title="bbox 150 409 1206 1020">
    <p class='ocr_par' dir='ltr' id='par_1_2' title="bbox 182 409 1206 771">
     <span class='ocr_line' id='line_1_2' title="bbox 183 409 1204 505; baseline -0.008 -19"><span class='ocrx_word' id='word_1_2' title='bbox 183 423 259 505; x_wconf 88' lang='lat' dir='ltr'><strong>post</strong></span> <span class='ocrx_word' id='word_1_3' title='bbox 282 409 435 504; x_wconf 80' lang='lat' dir='ltr'><strong>quattuor</strong></span> <span class='ocrx_word' id='word_1_4' title='bbox 454 417 577 502; x_wconf 81' lang='lat' dir='ltr'>priores</span> <span class='ocrx_word' id='word_1_5' title='bbox 597 416 652 502; x_wconf 91' lang='lat' dir='ltr'><strong>qui</strong></span> <span class='ocrx_word' id='word_1_6' title='bbox 671 419 930 499; x_wconf 85' lang='lat' dir='ltr'><strong>composuerunt,</strong></span> <span class='ocrx_word' id='word_1_7' title='bbox 952 415 986 480; x_wconf 93' lang='lat' dir='ltr'><strong>id</strong></span> <span class='ocrx_word' id='word_1_8' title='bbox 1009 418 1060 480; x_wconf 88' lang='lat' dir='ltr'><strong>est</strong></span> <span class='ocrx_word' id='word_1_9' title='bbox 1073 413 1204 498; x_wconf 83' lang='lat' dir='ltr'><strong>Hippo-</strong></span> 
     </span>
     <span class='ocr_line' id='line_1_3' title="bbox 182 503 1206 594; baseline -0.007 -20"><span class='ocrx_word' id='word_1_10' title='bbox 182 511 304 594; x_wconf 86' lang='lat' dir='ltr'><strong>lytum,</strong></span> <span class='ocrx_word' id='word_1_11' title='bbox 325 507 518 590; x_wconf 83' lang='lat' dir='ltr'>Eusebium,</span> <span class='ocrx_word' id='word_1_12' title='bbox 541 505 758 588; x_wconf 82' lang='lat' dir='ltr'>Theophilum</span> <span class='ocrx_word' id='word_1_13' title='bbox 781 508 815 570; x_wconf 91' lang='lat' dir='ltr'><strong>et</strong></span> <span class='ocrx_word' id='word_1_14' title='bbox 836 503 1039 588; x_wconf 89' lang='lat' dir='ltr'><strong>Prosperum,</strong></span> <span class='ocrx_word' id='word_1_15' title='bbox 1067 506 1101 568; x_wconf 91' lang='lat' dir='ltr'><strong>et</strong></span> <span class='ocrx_word' id='word_1_16' title='bbox 1129 525 1206 587; x_wconf 89' lang='lat' dir='ltr'><strong>per·</strong></span> 
     </span>
     <span class='ocr_line' id='line_1_4' title="bbox 183 593 1205 678; baseline -0.009 -13"><span class='ocrx_word' id='word_1_17' title='bbox 183 597 290 665; x_wconf 85' lang='lat' dir='ltr'><strong>tendit</strong></span> <span class='ocrx_word' id='word_1_18' title='bbox 313 617 473 663; x_wconf 84' lang='lat' dir='ltr'><strong>annorum</strong></span> <span class='ocrx_word' id='word_1_19' title='bbox 497 595 612 660; x_wconf 87' lang='lat' dir='ltr'><strong>seriem</strong></span> <span class='ocrx_word' id='word_1_20' title='bbox 640 615 743 678; x_wconf 89' lang='lat' dir='ltr'><strong>usque</strong></span> <span class='ocrx_word' id='word_1_21' title='bbox 772 593 813 660; x_wconf 88' lang='lat' dir='ltr'><strong>ad</strong></span> <span class='ocrx_word' id='word_1_22' title='bbox 836 615 958 658; x_wconf 89' lang='lat' dir='ltr'><strong>annum</strong></span> <span class='ocrx_word' id='word_1_23' title='bbox 981 593 1205 678; x_wconf 86' lang='lat' dir='ltr'><strong>quingentesi-</strong></span> 
     </span>
     <span class='ocr_line' id='line_1_5' title="bbox 184 681 1204 771; baseline -0.007 -19"><span class='ocrx_word' id='word_1_24' title='bbox 184 709 274 752; x_wconf 91' lang='lat' dir='ltr'><strong>mum</strong></span> <span class='ocrx_word' id='word_1_25' title='bbox 295 686 500 771; x_wconf 86' lang='lat' dir='ltr'><strong>trigesimum</strong></span> <span class='ocrx_word' id='word_1_26' title='bbox 524 683 714 766; x_wconf 89' lang='lat' dir='ltr'><strong>secundum,</strong></span> <span class='ocrx_word' id='word_1_27' title='bbox 735 683 785 748; x_wconf 89' lang='lat' dir='ltr'><strong>ita</strong></span> <span class='ocrx_word' id='word_1_28' title='bbox 806 686 843 747; x_wconf 92' lang='lat' dir='ltr'><strong>ut</strong></span> <span class='ocrx_word' id='word_1_29' title='bbox 861 681 1119 768; x_wconf 87' lang='lat' dir='ltr'><strong>quingentesimo</strong></span> <span class='ocrx_word' id='word_1_30' title='bbox 1143 681 1204 746; x_wconf 84' lang='lat' dir='ltr'><strong>tri·</strong></span> 
     </span>
    </p>

    <p class='ocr_par' dir='ltr' id='par_1_3' title="bbox 150 770 1205 1020">
     <span class='ocr_line' id='line_1_6' title="bbox 150 770 1203 861; baseline -0.008 -19"><span class='ocrx_word' id='word_1_31' title='bbox 150 775 312 861; x_wconf 77' lang='lat' dir='ltr'><strong>ogesimo</strong></span> <span class='ocrx_word' id='word_1_32' title='bbox 344 775 442 839; x_wconf 87' lang='lat' dir='ltr'><strong>tertio</strong></span> <span class='ocrx_word' id='word_1_33' title='bbox 475 794 562 838; x_wconf 90' lang='lat' dir='ltr'><strong>anno</strong></span> <span class='ocrx_word' id='word_1_34' title='bbox 594 771 758 856; x_wconf 89' lang='lat' dir='ltr'><strong>paschalis</strong></span> <span class='ocrx_word' id='word_1_35' title='bbox 792 770 963 856; x_wconf 74' lang='lat' dir='ltr'><strong>reincipiat</strong></span> <span class='ocrx_word' id='word_1_36' title='bbox 995 770 1203 836; x_wconf 73' lang='lat' dir='ltr'><strong>sollemnitas</strong></span> 
     </span>
     <span class='ocr_line' id='line_1_7' title="bbox 187 860 1205 946; baseline -0.005 -17"><span class='ocrx_word' id='word_1_37' title='bbox 187 863 299 930; x_wconf 88' lang='lat' dir='ltr'><strong>eodem</strong></span> <span class='ocrx_word' id='word_1_38' title='bbox 322 884 433 928; x_wconf 87' lang='lat' dir='ltr'><strong>manse</strong></span> <span class='ocrx_word' id='word_1_39' title='bbox 457 864 491 927; x_wconf 91' lang='lat' dir='ltr'><strong>et</strong></span> <span class='ocrx_word' id='word_1_40' title='bbox 509 861 560 926; x_wconf 90' lang='lat' dir='ltr'><strong>die</strong></span> <span class='ocrx_word' id='word_1_41' title='bbox 583 861 758 944; x_wconf 86' lang='lat' dir='ltr'><strong>eademque</strong></span> <span class='ocrx_word' id='word_1_42' title='bbox 776 861 868 946; x_wconf 87' lang='lat' dir='ltr'><strong>luna,</strong></span> <span class='ocrx_word' id='word_1_43' title='bbox 886 882 951 946; x_wconf 91' lang='lat' dir='ltr'><strong>qua</strong></span> <span class='ocrx_word' id='word_1_44' title='bbox 968 860 1109 944; x_wconf 89' lang='lat' dir='ltr'><strong>primum</strong></span> <span class='ocrx_word' id='word_1_45' title='bbox 1127 881 1205 943; x_wconf 87' lang='lat' dir='ltr'><strong>pas·</strong></span> 
     </span>
     <span class='ocr_line' id='line_1_8' title="bbox 186 948 898 1020; baseline -0.006 -2"><span class='ocrx_word' id='word_1_46' title='bbox 186 955 234 1020; x_wconf 91' lang='lat' dir='ltr'><strong>sio</strong></span> <span class='ocrx_word' id='word_1_47' title='bbox 258 973 297 1017; x_wconf 89' lang='lat' dir='ltr'><strong>ae</strong></span> <span class='ocrx_word' id='word_1_48' title='bbox 318 950 511 1018; x_wconf 87' lang='lat' dir='ltr'><strong>resurrectio</strong></span> <span class='ocrx_word' id='word_1_49' title='bbox 534 949 707 1016; x_wconf 89' lang='lat' dir='ltr'><strong>Dominioa</strong></span> <span class='ocrx_word' id='word_1_50' title='bbox 728 948 817 1014; x_wconf 85' lang='lat' dir='ltr'><strong>facta</strong></span> <span class='ocrx_word' id='word_1_51' title='bbox 840 952 898 1015; x_wconf 90' lang='lat' dir='ltr'><strong>est.</strong></span> 
     </span>
    </p>
   </div>
   <div class='ocr_carea' id='block_1_3' title="bbox 443 1112 859 1205">
    <p class='ocr_par' dir='ltr' id='par_1_4' title="bbox 443 1112 859 1205">
     <span class='ocr_line' id='line_1_9' title="bbox 443 1112 859 1205; baseline 0.012 -25"><span class='ocrx_word' id='word_1_52' title='bbox 443 1169 448 1180; x_wconf 95' lang='lat'>.</span> <span class='ocrx_word' id='word_1_53' title='bbox 522 1114 603 1205; x_wconf 82' lang='lat' dir='ltr'><strong>Cap.</strong></span> <span class='ocrx_word' id='word_1_54' title='bbox 631 1112 859 1185; x_wconf 89' lang='lat' dir='ltr'><strong><em>LXXXIX.</em></strong></span> 
     </span>
    </p>
   </div>
   <div class='ocr_carea' id='block_1_4' title="bbox 133 1247 1269 2736">
    <p class='ocr_par' dir='ltr' id='par_1_5' title="bbox 133 1247 1269 2736">
     <span class='ocr_line' id='line_1_10' title="bbox 276 1247 1204 1337; baseline 0.001 -21"><span class='ocrx_word' id='word_1_55' title='bbox 276 1251 509 1330; x_wconf 85' lang='lat' dir='ltr'><strong>Theodoritus,</strong></span> <span class='ocrx_word' id='word_1_56' title='bbox 542 1248 619 1336; x_wconf 84' lang='lat' dir='ltr'><strong>Cyri</strong></span> <span class='ocrx_word' id='word_1_57' title='bbox 660 1251 801 1316; x_wconf 88' lang='lat' dir='ltr'><strong>civitatis</strong></span> <span class='ocrx_word' id='word_1_58' title='bbox 840 1251 1022 1336; x_wconf 87' lang='lat' dir='ltr'><strong>episcopus,</strong></span> <span class='ocrx_word' id='word_1_59' title='bbox 1049 1247 1084 1337; x_wconf 89' lang='lat' dir='ltr'><strong>(a</strong></span> <span class='ocrx_word' id='word_1_60' title='bbox 1112 1247 1204 1335; x_wconf 79' lang='lat' dir='ltr'><strong>Cyro</strong></span> 
     </span>
     <span class='ocr_line' id='line_1_11' title="bbox 133 1338 1205 1427; baseline -0.005 -17"><span class='ocrx_word' id='word_1_61' title='bbox 133 1359 167 1409; x_wconf 86' lang='lat'><strong>10</strong></span> <span class='ocrx_word' id='word_1_62' title='bbox 187 1342 289 1425; x_wconf 90' lang='lat' dir='ltr'><strong>enim,</strong></span> <span class='ocrx_word' id='word_1_63' title='bbox 316 1362 393 1427; x_wconf 87' lang='lat' dir='ltr'><strong>rege</strong></span> <span class='ocrx_word' id='word_1_64' title='bbox 416 1339 602 1424; x_wconf 82' lang='lat' dir='ltr'><strong>Persarum,</strong></span> <span class='ocrx_word' id='word_1_65' title='bbox 633 1338 762 1404; x_wconf 90' lang='lat' dir='ltr'><strong>condita</strong></span> <span class='ocrx_word' id='word_1_66' title='bbox 792 1343 901 1404; x_wconf 85' lang='lat' dir='ltr'><strong>servat</strong></span> <span class='ocrx_word' id='word_1_67' title='bbox 927 1339 1088 1424; x_wconf 84' lang='lat' dir='ltr'><strong>hodieque</strong></span> <span class='ocrx_word' id='word_1_68' title='bbox 1115 1340 1205 1424; x_wconf 91' lang='lat' dir='ltr'><strong>apud</strong></span> 
     </span>
     <span class='ocr_line' id='line_1_12' title="bbox 188 1425 1205 1516; baseline -0.004 -20"><span class='ocrx_word' id='word_1_69' title='bbox 188 1429 316 1516; x_wconf 82' lang='lat' dir='ltr'><strong>Syriam</strong></span> <span class='ocrx_word' id='word_1_70' title='bbox 344 1449 466 1494; x_wconf 91' lang='lat' dir='ltr'><strong>nomen</strong></span> <span class='ocrx_word' id='word_1_71' title='bbox 495 1425 650 1511; x_wconf 86' lang='lat' dir='ltr'><strong>auctoris)</strong></span> <span class='ocrx_word' id='word_1_72' title='bbox 679 1427 797 1493; x_wconf 90' lang='lat' dir='ltr'><strong>dicitur</strong></span> <span class='ocrx_word' id='word_1_73' title='bbox 823 1429 989 1514; x_wconf 82' lang='lat' dir='ltr'><strong>scripsisse</strong></span> <span class='ocrx_word' id='word_1_74' title='bbox 1012 1429 1130 1515; x_wconf 84' lang='lat' dir='ltr'><strong>multa3</strong></span> <span class='ocrx_word' id='word_1_75' title='bbox 1161 1429 1205 1492; x_wconf 89' lang='lat' dir='ltr'><strong>ad</strong></span> 
     </span>
     <span class='ocr_line' id='line_1_13' title="bbox 186 1515 1204 1602; baseline -0.002 -18"><span class='ocrx_word' id='word_1_76' title='bbox 186 1541 292 1584; x_wconf 91' lang='lat' dir='ltr'><strong>meam</strong></span> <span class='ocrx_word' id='word_1_77' title='bbox 320 1521 432 1582; x_wconf 90' lang='lat' dir='ltr'><strong>tamen</strong></span> <span class='ocrx_word' id='word_1_78' title='bbox 458 1517 611 1582; x_wconf 89' lang='lat' dir='ltr'><strong>notitiam</strong></span> <span class='ocrx_word' id='word_1_79' title='bbox 638 1517 703 1581; x_wconf 89' lang='lat' dir='ltr'><strong>ista</strong></span> <span class='ocrx_word' id='word_1_80' title='bbox 731 1521 820 1601; x_wconf 89' lang='lat' dir='ltr'><strong>sunt,</strong></span> <span class='ocrx_word' id='word_1_81' title='bbox 848 1539 930 1602; x_wconf 89' lang='lat' dir='ltr'><strong>quae</strong></span> <span class='ocrx_word' id='word_1_82' title='bbox 952 1520 1122 1582; x_wconf 81' lang='lat' dir='ltr'><strong>uenerunt:</strong></span> <span class='ocrx_word' id='word_1_83' title='bbox 1151 1515 1204 1582; x_wconf 73' lang='lat' dir='ltr'><strong>‘de</strong></span> 
     </span>
     <span class='ocr_line' id='line_1_14' title="bbox 186 1603 1205 1691; baseline -0.002 -19"><span class='ocrx_word' id='word_1_84' title='bbox 186 1605 409 1672; x_wconf 76' lang='lat' dir='ltr'><strong>incarnatione</strong></span> <span class='ocrx_word' id='word_1_85' title='bbox 433 1603 579 1670; x_wconf 90' lang='lat' dir='ltr'><strong>Domini&#39;</strong></span> <span class='ocrx_word' id='word_1_86' title='bbox 604 1605 757 1670; x_wconf 86' lang='lat' dir='ltr'><strong>adversus</strong></span> <span class='ocrx_word' id='word_1_87' title='bbox 781 1605 953 1690; x_wconf 75' lang='lat' dir='ltr'><strong>Eutychen</strong></span> <span class='ocrx_word' id='word_1_88' title='bbox 974 1606 1205 1691; x_wconf 85' lang='lat' dir='ltr'><strong>presbyterum</strong></span> 
     </span>
     <span class='ocr_line' id='line_1_15' title="bbox 187 1692 1205 1780; baseline -0.001 -20"><span class='ocrx_word' id='word_1_89' title='bbox 187 1700 220 1761; x_wconf 89' lang='lat' dir='ltr'><strong>et</strong></span> <span class='ocrx_word' id='word_1_90' title='bbox 242 1694 451 1777; x_wconf 89' lang='lat' dir='ltr'><strong>Dioscurum‚</strong></span> <span class='ocrx_word' id='word_1_91' title='bbox 474 1692 691 1759; x_wconf 79' lang='lat' dir='ltr'><strong>Alexandriae</strong></span> <span class='ocrx_word' id='word_1_92' title='bbox 720 1695 920 1780; x_wconf 89' lang='lat' dir='ltr'><strong>episcopum,</strong></span> <span class='ocrx_word' id='word_1_93' title='bbox 948 1696 1003 1780; x_wconf 94' lang='lat' dir='ltr'><strong>qui</strong></span> <span class='ocrx_word' id='word_1_94' title='bbox 1024 1695 1205 1759; x_wconf 89' lang='lat' dir='ltr'><strong>humanam</strong></span> 
     </span>
     <span class='ocr_line' id='line_1_16' title="bbox 135 1781 1207 1868; baseline -0.001 -19"><span class='ocrx_word' id='word_1_95' title='bbox 135 1799 168 1850; x_wconf 82' lang='lat'><strong>15</strong></span> <span class='ocrx_word' id='word_1_96' title='bbox 187 1785 223 1848; x_wconf 94' lang='lat' dir='ltr'><strong>in</strong></span> <span class='ocrx_word' id='word_1_97' title='bbox 246 1781 378 1850; x_wconf 80' lang='lat' dir='ltr'><strong>Christo</strong></span> <span class='ocrx_word' id='word_1_98' title='bbox 407 1803 537 1848; x_wconf 91' lang='lat' dir='ltr'><strong>carnem</strong></span> <span class='ocrx_word' id='word_1_99' title='bbox 565 1782 666 1848; x_wconf 72' lang='lat' dir='ltr'><strong>fixisse</strong></span> <span class='ocrx_word' id='word_1_100' title='bbox 693 1787 833 1868; x_wconf 89' lang='lat' dir='ltr'><strong>negant,</strong></span> <span class='ocrx_word' id='word_1_101' title='bbox 857 1785 978 1868; x_wconf 85' lang='lat' dir='ltr'><strong>scripta</strong></span> <span class='ocrx_word' id='word_1_102' title='bbox 1000 1782 1113 1868; x_wconf 89' lang='lat' dir='ltr'><strong>fortia,</strong></span> <span class='ocrx_word' id='word_1_103' title='bbox 1144 1805 1207 1866; x_wconf 90' lang='lat' dir='ltr'><strong>per</strong></span> 
     </span>
     <span class='ocr_line' id='line_1_17' title="bbox 189 1871 1206 1959; baseline -0.002 -21"><span class='ocrx_word' id='word_1_104' title='bbox 189 1896 271 1959; x_wconf 91' lang='lat' dir='ltr'><strong>quae</strong></span> <span class='ocrx_word' id='word_1_105' title='bbox 295 1871 466 1938; x_wconf 87' lang='lat' dir='ltr'><strong>confirmat</strong></span> <span class='ocrx_word' id='word_1_106' title='bbox 489 1875 522 1937; x_wconf 92' lang='lat' dir='ltr'><strong>et</strong></span> <span class='ocrx_word' id='word_1_107' title='bbox 544 1871 670 1938; x_wconf 90' lang='lat' dir='ltr'><strong>ratione</strong></span> <span class='ocrx_word' id='word_1_108' title='bbox 694 1875 728 1936; x_wconf 90' lang='lat' dir='ltr'><strong>et</strong></span> <span class='ocrx_word' id='word_1_109' title='bbox 750 1873 947 1938; x_wconf 75' lang='lat' dir='ltr'><strong>testimoniis</strong></span> <span class='ocrx_word' id='word_1_110' title='bbox 971 1873 1206 1957; x_wconf 85' lang='lat' dir='ltr'><strong>scripturarum</strong></span> 
     </span>
     <span class='ocr_line' id='line_1_18' title="bbox 187 1960 1269 2045; baseline -0.002 -19"><span class='ocrx_word' id='word_1_111' title='bbox 187 1963 236 2027; x_wconf 88' lang='lat' dir='ltr'><strong>ita</strong></span> <span class='ocrx_word' id='word_1_112' title='bbox 248 1963 341 2029; x_wconf 90' lang='lat' dir='ltr'><strong>illum</strong></span> <span class='ocrx_word' id='word_1_113' title='bbox 361 1965 527 2028; x_wconf 81' lang='lat' dir='ltr'><strong>maternae</strong></span> <span class='ocrx_word' id='word_1_114' title='bbox 541 1981 651 2026; x_wconf 85' lang='lat' dir='ltr'><strong>veram</strong></span> <span class='ocrx_word' id='word_1_115' title='bbox 671 1961 872 2026; x_wconf 87' lang='lat' dir='ltr'><strong>substantiae</strong></span> <span class='ocrx_word' id='word_1_116' title='bbox 892 1983 1020 2028; x_wconf 91' lang='lat' dir='ltr'><strong>carnem</strong></span> <span class='ocrx_word' id='word_1_117' title='bbox 1039 1960 1207 2045; x_wconf 87' lang='lat' dir='ltr'><strong>habuisse,</strong></span> <span class='ocrx_word' id='word_1_118' title='bbox 1268 1965 1269 1968; x_wconf 74' lang='grc'>’</span> 
     </span>
     <span class='ocr_line' id='line_1_19' title="bbox 189 2047 1204 2137; baseline -0.002 -21"><span class='ocrx_word' id='word_1_119' title='bbox 189 2073 286 2137; x_wconf 91' lang='lat' dir='ltr'><strong>quam</strong></span> <span class='ocrx_word' id='word_1_120' title='bbox 309 2072 348 2115; x_wconf 83' lang='lat' dir='ltr'><strong>ex</strong></span> <span class='ocrx_word' id='word_1_121' title='bbox 370 2055 474 2116; x_wconf 89' lang='lat' dir='ltr'><strong>matre</strong></span> <span class='ocrx_word' id='word_1_122' title='bbox 497 2047 633 2136; x_wconf 84' lang='lat' dir='ltr'><strong>Virgine</strong></span> <span class='ocrx_word' id='word_1_123' title='bbox 663 2052 814 2134; x_wconf 84' lang='lat' dir='ltr'><strong>sumpsit,</strong></span> <span class='ocrx_word' id='word_1_124' title='bbox 842 2051 926 2116; x_wconf 88' lang='lat' dir='ltr'><strong>siout</strong></span> <span class='ocrx_word' id='word_1_125' title='bbox 949 2053 982 2116; x_wconf 92' lang='lat' dir='ltr'><strong>et</strong></span> <span class='ocrx_word' id='word_1_126' title='bbox 1004 2071 1113 2114; x_wconf 89' lang='lat' dir='ltr'><strong>veram</strong></span> <span class='ocrx_word' id='word_1_127' title='bbox 1137 2049 1204 2114; x_wconf 89' lang='lat' dir='ltr'><strong>dei-</strong></span> 
     </span>
     <span class='ocr_line' id='line_1_20' title="bbox 188 2137 1207 2225; baseline -0.002 -21"><span class='ocrx_word' id='word_1_128' title='bbox 188 2143 304 2225; x_wconf 83' lang='lat' dir='ltr'><strong>tatem,</strong></span> <span class='ocrx_word' id='word_1_129' title='bbox 327 2161 425 2224; x_wconf 90' lang='lat' dir='ltr'><strong>quam</strong></span> <span class='ocrx_word' id='word_1_130' title='bbox 449 2142 580 2204; x_wconf 88' lang='lat' dir='ltr'><strong>aeterna</strong></span> <span class='ocrx_word' id='word_1_131' title='bbox 602 2139 824 2204; x_wconf 87' lang='lat' dir='ltr'><strong>nascibilitate</strong></span> <span class='ocrx_word' id='word_1_132' title='bbox 837 2137 908 2204; x_wconf 91' lang='lat' dir='ltr'><strong>Deo</strong></span> <span class='ocrx_word' id='word_1_133' title='bbox 931 2137 1029 2204; x_wconf 91' lang='lat' dir='ltr'><strong>Patre</strong></span> <span class='ocrx_word' id='word_1_134' title='bbox 1048 2138 1207 2224; x_wconf 83' lang='lat' dir='ltr'><strong>gignente</strong></span> 
     </span>
     <span class='ocr_line' id='line_1_21' title="bbox 133 2226 1205 2313; baseline 0 -21"><span class='ocrx_word' id='word_1_135' title='bbox 133 2243 167 2294; x_wconf 82' lang='lat'><strong>20</strong></span> <span class='ocrx_word' id='word_1_136' title='bbox 189 2229 259 2313; x_wconf 90' lang='lat' dir='ltr'><strong>ipse</strong></span> <span class='ocrx_word' id='word_1_137' title='bbox 282 2228 444 2294; x_wconf 86' lang='lat' dir='ltr'><strong>nascendo</strong></span> <span class='ocrx_word' id='word_1_138' title='bbox 468 2229 601 2312; x_wconf 89' lang='lat' dir='ltr'><strong>accepit.</strong></span> <span class='ocrx_word' id='word_1_139' title='bbox 647 2227 731 2294; x_wconf 87' lang='lat' dir='ltr'><strong>Sunt</strong></span> <span class='ocrx_word' id='word_1_140' title='bbox 753 2232 786 2292; x_wconf 92' lang='lat' dir='ltr'><strong>et</strong></span> <span class='ocrx_word' id='word_1_141' title='bbox 809 2227 918 2293; x_wconf 89' lang='lat' dir='ltr'><strong>decem</strong></span> <span class='ocrx_word' id='word_1_142' title='bbox 942 2228 1010 2292; x_wconf 90' lang='lat' dir='ltr'><strong>eius</strong></span> <span class='ocrx_word' id='word_1_143' title='bbox 1034 2226 1205 2292; x_wconf 75' lang='lat' dir='ltr'><strong>‘historiae</strong></span> 
     </span>
     <span class='ocr_line' id='line_1_22' title="bbox 191 2313 1205 2400; baseline -0.002 -18"><span class='ocrx_word' id='word_1_144' title='bbox 191 2315 439 2382; x_wconf 85' lang='lat' dir='ltr'><strong>eeclesiasticae&#39;</strong></span> <span class='ocrx_word' id='word_1_145' title='bbox 466 2316 558 2396; x_wconf 91' lang='lat' dir='ltr'><strong>libri,</strong></span> <span class='ocrx_word' id='word_1_146' title='bbox 592 2337 672 2400; x_wconf 87' lang='lat' dir='ltr'><strong>quos</strong></span> <span class='ocrx_word' id='word_1_147' title='bbox 705 2316 852 2382; x_wconf 89' lang='lat' dir='ltr'><strong>imitatus</strong></span> <span class='ocrx_word' id='word_1_148' title='bbox 879 2315 1059 2382; x_wconf 78' lang='lat' dir='ltr'><strong>Eusebium</strong></span> <span class='ocrx_word' id='word_1_149' title='bbox 1087 2313 1205 2380; x_wconf 79' lang='lat' dir='ltr'><strong>Caesa·</strong></span> 
     </span>
     <span class='ocr_line' id='line_1_23' title="bbox 187 2403 1204 2489; baseline -0.001 -20"><span class='ocrx_word' id='word_1_150' title='bbox 187 2407 327 2470; x_wconf 89' lang='lat' dir='ltr'><strong>riensem</strong></span> <span class='ocrx_word' id='word_1_151' title='bbox 357 2405 548 2488; x_wconf 83' lang='lat' dir='ltr'><strong>conseripsit</strong></span> <span class='ocrx_word' id='word_1_152' title='bbox 574 2405 733 2489; x_wconf 89' lang='lat' dir='ltr'><strong>incipiens</strong></span> <span class='ocrx_word' id='word_1_153' title='bbox 757 2429 777 2470; x_wconf 90' lang='lat' dir='ltr'><strong>a</strong></span> <span class='ocrx_word' id='word_1_154' title='bbox 799 2406 863 2470; x_wconf 87' lang='lat' dir='ltr'><strong>fine</strong></span> <span class='ocrx_word' id='word_1_155' title='bbox 886 2405 1044 2471; x_wconf 87' lang='lat' dir='ltr'><strong>librorum</strong></span> <span class='ocrx_word' id='word_1_156' title='bbox 1066 2403 1204 2470; x_wconf 80' lang='lat' dir='ltr'><strong>Eusebii</strong></span> 
     </span>
     <span class='ocr_line' id='line_1_24' title="bbox 187 2491 1205 2579; baseline 0.002 -23"><span class='ocrx_word' id='word_1_157' title='bbox 187 2515 291 2576; x_wconf 90' lang='lat' dir='ltr'><strong>usque</strong></span> <span class='ocrx_word' id='word_1_158' title='bbox 320 2493 361 2557; x_wconf 93' lang='lat' dir='ltr'><strong>ad</strong></span> <span class='ocrx_word' id='word_1_159' title='bbox 389 2515 483 2558; x_wconf 92' lang='lat' dir='ltr'><strong>suum</strong></span> <span class='ocrx_word' id='word_1_160' title='bbox 505 2497 650 2578; x_wconf 90' lang='lat' dir='ltr'><strong>tempus,</strong></span> <span class='ocrx_word' id='word_1_161' title='bbox 679 2494 712 2559; x_wconf 91' lang='lat' dir='ltr'><strong>id</strong></span> <span class='ocrx_word' id='word_1_162' title='bbox 735 2498 798 2579; x_wconf 89' lang='lat' dir='ltr'><strong>est,</strong></span> <span class='ocrx_word' id='word_1_163' title='bbox 826 2517 846 2558; x_wconf 92' lang='lat' dir='ltr'><strong>a</strong></span> <span class='ocrx_word' id='word_1_164' title='bbox 872 2493 1095 2559; x_wconf 87' lang='lat' dir='ltr'><strong>vicennalibus</strong></span> <span class='ocrx_word' id='word_1_165' title='bbox 1119 2491 1205 2558; x_wconf 83' lang='lat' dir='ltr'><strong>Gon·</strong></span> 
     </span>
     <span class='ocr_line' id='line_1_25' title="bbox 189 2581 1204 2666; baseline 0.002 -21"><span class='ocrx_word' id='word_1_166' title='bbox 189 2581 325 2646; x_wconf 86' lang='lat' dir='ltr'><strong>stantini</strong></span> <span class='ocrx_word' id='word_1_167' title='bbox 348 2602 448 2665; x_wconf 74' lang='lat' dir='ltr'><strong>usque</strong></span> <span class='ocrx_word' id='word_1_168' title='bbox 473 2583 514 2647; x_wconf 90' lang='lat' dir='ltr'><strong>ad</strong></span> <span class='ocrx_word' id='word_1_169' title='bbox 541 2581 711 2666; x_wconf 90' lang='lat' dir='ltr'><strong>imperium</strong></span> <span class='ocrx_word' id='word_1_170' title='bbox 735 2582 854 2648; x_wconf 87' lang='lat' dir='ltr'><strong>Leonis</strong></span> <span class='ocrx_word' id='word_1_171' title='bbox 878 2583 1029 2666; x_wconf 90' lang='lat' dir='ltr'><strong>senioris,</strong></span> <span class='ocrx_word' id='word_1_172' title='bbox 1052 2581 1113 2647; x_wconf 91' lang='lat' dir='ltr'><strong>sub</strong></span> <span class='ocrx_word' id='word_1_173' title='bbox 1138 2603 1204 2666; x_wconf 91' lang='lat' dir='ltr'><strong>quo</strong></span> 
     </span>
     <span class='ocr_line' id='line_1_26' title="bbox 133 2673 475 2736; baseline 0.006 -2"><span class='ocrx_word' id='word_1_174' title='bbox 133 2683 167 2734; x_wconf 78' lang='lat'><strong>25</strong></span> <span class='ocrx_word' id='word_1_175' title='bbox 184 2673 220 2734; x_wconf 86' lang='lat' dir='ltr'><strong>et</strong></span> <span class='ocrx_word' id='word_1_176' title='bbox 243 2673 392 2735; x_wconf 85' lang='lat' dir='ltr'><strong>mortuus</strong></span> <span class='ocrx_word' id='word_1_177' title='bbox 416 2674 475 2736; x_wconf 87' lang='lat' dir='ltr'><strong>est.</strong></span> 
     </span>
    </p>
   </div>
   <div class='ocr_carea' id='block_1_5' title="bbox 472 2763 783 2855">
    <p class='ocr_par' dir='ltr' id='par_1_6' title="bbox 472 2763 783 2855">
     <span class='ocr_line' id='line_1_27' title="bbox 472 2763 783 2855; baseline 0 -21"><span class='ocrx_word' id='word_1_178' title='bbox 472 2777 475 2783; x_wconf 82' lang='grc'><strong><em>’</em></strong></span> <span class='ocrx_word' id='word_1_179' title='bbox 602 2763 684 2855; x_wconf 79' lang='lat' dir='ltr'><strong>Cup.</strong></span> <span class='ocrx_word' id='word_1_180' title='bbox 707 2763 783 2834; x_wconf 84' lang='lat' dir='ltr'><strong>XO.</strong></span> 
     </span>
    </p>
   </div>
   <div class='ocr_carea' id='block_1_6' title="bbox 131 2899 1206 3423">
    <p class='ocr_par' dir='ltr' id='par_1_7' title="bbox 185 2899 1206 3163">
     <span class='ocr_line' id='line_1_28' title="bbox 278 2899 1206 2986; baseline 0.002 -22"><span class='ocrx_word' id='word_1_181' title='bbox 278 2899 481 2986; x_wconf 82' lang='lat' dir='ltr'><strong>Gennadius,</strong></span> <span class='ocrx_word' id='word_1_182' title='bbox 496 2899 879 2986; x_wconf 81' lang='lat' dir='ltr'><strong>Constantinopolitanae</strong></span> <span class='ocrx_word' id='word_1_183' title='bbox 903 2901 1055 2967; x_wconf 91' lang='lat' dir='ltr'><strong>ecclesiae</strong></span> <span class='ocrx_word' id='word_1_184' title='bbox 1079 2901 1206 2986; x_wconf 89' lang='lat' dir='ltr'><strong>episco-</strong></span> 
     </span>
     <span class='ocr_line' id='line_1_29' title="bbox 185 2989 1203 3076; baseline 0.002 -24"><span class='ocrx_word' id='word_1_185' title='bbox 185 3009 263 3072; x_wconf 90' lang='lat' dir='ltr'><strong>pus,</strong></span> <span class='ocrx_word' id='word_1_186' title='bbox 285 2989 336 3053; x_wconf 86' lang='lat' dir='ltr'><strong>vir</strong></span> <span class='ocrx_word' id='word_1_187' title='bbox 359 2989 471 3074; x_wconf 90' lang='lat' dir='ltr'><strong>lingua</strong></span> <span class='ocrx_word' id='word_1_188' title='bbox 493 2990 618 3055; x_wconf 89' lang='lat' dir='ltr'><strong>nitidus</strong></span> <span class='ocrx_word' id='word_1_189' title='bbox 642 2993 676 3054; x_wconf 87' lang='lat' dir='ltr'><strong>et</strong></span> <span class='ocrx_word' id='word_1_190' title='bbox 693 2990 825 3076; x_wconf 89' lang='lat' dir='ltr'><strong>ingenio</strong></span> <span class='ocrx_word' id='word_1_191' title='bbox 845 3011 933 3075; x_wconf 91' lang='lat' dir='ltr'><strong>acer,</strong></span> <span class='ocrx_word' id='word_1_192' title='bbox 955 2992 1025 3054; x_wconf 91' lang='lat' dir='ltr'><strong>tam</strong></span> <span class='ocrx_word' id='word_1_193' title='bbox 1049 2990 1139 3054; x_wconf 86' lang='lat' dir='ltr'><strong>dives</strong></span> <span class='ocrx_word' id='word_1_194' title='bbox 1163 3011 1203 3054; x_wconf 87' lang='lat' dir='ltr'><strong>ex</strong></span> 
     </span>
     <span class='ocr_line' id='line_1_30' title="bbox 186 3076 1204 3163; baseline 0.002 -24"><span class='ocrx_word' id='word_1_195' title='bbox 186 3076 327 3142; x_wconf 88' lang='lat' dir='ltr'><strong>lectione</strong></span> <span class='ocrx_word' id='word_1_196' title='bbox 356 3079 564 3162; x_wconf 89' lang='lat' dir='ltr'><strong>antiquorum</strong></span> <span class='ocrx_word' id='word_1_197' title='bbox 587 3079 665 3162; x_wconf 89' lang='lat' dir='ltr'><strong>fuit,</strong></span> <span class='ocrx_word' id='word_1_198' title='bbox 692 3083 729 3144; x_wconf 91' lang='lat' dir='ltr'><strong>ut</strong></span> <span class='ocrx_word' id='word_1_199' title='bbox 752 3077 922 3146; x_wconf 88' lang='lat' dir='ltr'><strong>Danielem</strong></span> <span class='ocrx_word' id='word_1_200' title='bbox 945 3077 1140 3163; x_wconf 89' lang='lat' dir='ltr'><strong>prophetam</strong></span> <span class='ocrx_word' id='word_1_201' title='bbox 1164 3099 1204 3142; x_wconf 83' lang='lat' dir='ltr'><strong>ex</strong></span> 
     </span>
    </p>

    <p class='ocr_par' dir='ltr' id='par_1_8' title="bbox 131 3164 1205 3423">
     <span class='ocr_line' id='line_1_31' title="bbox 131 3164 1205 3251; baseline 0.002 -23"><span class='ocrx_word' id='word_1_202' title='bbox 131 3179 167 3228; x_wconf 83' lang='grc' dir='ltr'><strong>3ο</strong></span> <span class='ocrx_word' id='word_1_203' title='bbox 185 3164 314 3250; x_wconf 89' lang='lat' dir='ltr'><strong>integro</strong></span> <span class='ocrx_word' id='word_1_204' title='bbox 338 3165 378 3229; x_wconf 89' lang='lat' dir='ltr'><strong>ad</strong></span> <span class='ocrx_word' id='word_1_205' title='bbox 401 3167 536 3232; x_wconf 89' lang='lat' dir='ltr'><strong>verbum</strong></span> <span class='ocrx_word' id='word_1_206' title='bbox 559 3170 796 3233; x_wconf 85' lang='lat' dir='ltr'><strong>commentatus</strong></span> <span class='ocrx_word' id='word_1_207' title='bbox 820 3171 1003 3251; x_wconf 89' lang='lat' dir='ltr'><strong>exponeret.</strong></span> <span class='ocrx_word' id='word_1_208' title='bbox 1040 3165 1205 3232; x_wconf 89' lang='lat' dir='ltr'><strong>Homilias</strong></span> 
     </span>
     <span class='ocr_line' id='line_1_32' title="bbox 186 3253 1203 3339; baseline 0.003 -22"><span class='ocrx_word' id='word_1_209' title='bbox 186 3253 286 3318; x_wconf 89' lang='lat' dir='ltr'><strong>etiam</strong></span> <span class='ocrx_word' id='word_1_210' title='bbox 313 3254 434 3318; x_wconf 89' lang='lat' dir='ltr'><strong>multas</strong></span> <span class='ocrx_word' id='word_1_211' title='bbox 463 3257 655 3339; x_wconf 84' lang='lat' dir='ltr'><strong>composuit</strong></span> <span class='ocrx_word' id='word_1_212' title='bbox 700 3255 840 3321; x_wconf 89' lang='lat' dir='ltr'><strong>Moritur</strong></span> <span class='ocrx_word' id='word_1_213' title='bbox 861 3255 969 3322; x_wconf 89' lang='lat' dir='ltr'><strong>Leone</strong></span> <span class='ocrx_word' id='word_1_214' title='bbox 993 3255 1120 3320; x_wconf 91' lang='lat' dir='ltr'><strong>seniore</strong></span> <span class='ocrx_word' id='word_1_215' title='bbox 1143 3255 1203 3320; x_wconf 91' lang='lat' dir='ltr'><strong>im-</strong></span> 
     </span>
     <span class='ocr_line' id='line_1_33' title="bbox 184 3343 476 3423; baseline 0.003 -18"><span class='ocrx_word' id='word_1_216' title='bbox 184 3343 310 3423; x_wconf 89' lang='lat' dir='ltr'><strong>perium</strong></span> <span class='ocrx_word' id='word_1_217' title='bbox 333 3345 476 3407; x_wconf 88' lang='lat' dir='ltr'><strong>tenente.</strong></span> 
     </span>
    </p>
   </div>
   <div class='ocr_carea' id='block_1_7' title="bbox 183 3461 1203 3605">
    <p class='ocr_par' dir='ltr' id='par_1_9' title="bbox 183 3461 1203 3605">
     <span class='ocr_line' id='line_1_34' title="bbox 183 3461 1201 3532; baseline 0.004 -18"><span class='ocrx_word' id='word_1_218' title='bbox 183 3461 298 3528; x_wconf 86' lang='lat' dir='ltr'><strong>pulesus</strong></span> <span class='ocrx_word' id='word_1_219' title='bbox 346 3461 569 3532; x_wconf 65' lang='lat' dir='ltr'><strong>tBernaprima</strong></span> <span class='ocrx_word' id='word_1_220' title='bbox 615 3461 883 3522; x_wconf 85' lang='lat' dir='ltr'><strong>9Bamb.etBern.:</strong></span> <span class='ocrx_word' id='word_1_221' title='bbox 897 3465 1060 3522; x_wconf 73' lang='lat' dir='ltr'><strong>Theodorus</strong></span> <span class='ocrx_word' id='word_1_222' title='bbox 1105 3465 1201 3520; x_wconf 78' lang='lat' dir='ltr'><strong>Berur</strong></span> 
     </span>
     <span class='ocr_line' id='line_1_35' title="bbox 184 3529 1203 3605; baseline 0.006 -22"><span class='ocrx_word' id='word_1_223' title='bbox 184 3529 304 3600; x_wconf 86' lang='lat' dir='ltr'><strong>Cyprias</strong></span> <span class='ocrx_word' id='word_1_224' title='bbox 324 3532 448 3588; x_wconf 86' lang='lat' dir='ltr'><strong>civitatis</strong></span> <span class='ocrx_word' id='word_1_225' title='bbox 465 3533 627 3603; x_wconf 85' lang='lat' dir='ltr'><strong>provinciae</strong></span> <span class='ocrx_word' id='word_1_226' title='bbox 647 3535 741 3605; x_wconf 76' lang='lat' dir='ltr'><strong>Syriae</strong></span> <span class='ocrx_word' id='word_1_227' title='bbox 819 3544 854 3592; x_wconf 74' lang='lat'><strong>23</strong></span> <span class='ocrx_word' id='word_1_228' title='bbox 872 3536 1013 3593; x_wconf 80' lang='lat' dir='ltr'><strong>Norimb.:</strong></span> <span class='ocrx_word' id='word_1_229' title='bbox 1033 3535 1203 3592; x_wconf 84' lang='lat' dir='ltr'><strong>vicinalibus</strong></span> 
     </span>
    </p>
   </div>
   <div class='ocr_carea' id='block_1_8' title="bbox 0 0 1280 4048">
    <p class='ocr_par' dir='ltr' id='par_1_10' title="bbox 0 0 1280 4048">
     <span class='ocr_line' id='line_1_36' title="bbox 0 0 1280 4048; baseline 0 0"><span class='ocrx_word' id='word_1_230' title='bbox 0 0 1280 4048; x_wconf 95' lang='lat' dir='ltr'><strong> </strong></span> 
     </span>
    </p>
   </div>
  </div>
 </body>
</html>
