2546 4036
494 339 531 349 ..
581 301 626 366 35
674 337 713 348 ..

90 441 231 526 Smyrns
255 425 435 528 recimescit
475 441 562 520 Quid
584 463 715 508 necesse
736 446 787 507 est
805 440 945 527 Sagaris,
967 443 1111 529 episcopi

90 537 122 596 et
145 532 319 616 martyris,
341 531 522 616 recordari,
541 530 597 616 qui
622 531 656 596 in
680 529 839 598 Laodicea
863 537 1052 617 soporatur,
1078 535 1112 598 et

14 671 19 682 .
90 619 211 705 Papyri
232 621 331 704 beati,
353 624 386 685 et
406 619 588 702 Melitonis,
612 619 648 684 in
676 617 793 706 spiritu
822 623 935 690 sancto
962 619 1111 704 eunuchi,

91 709 146 794 qui
176 731 305 792 semper
327 707 468 774 Domino
492 708 635 774 serviens
657 708 784 792 positus
813 713 864 773 est
886 708 921 773 in
944 705 1055 774 Sardis
1078 715 1111 773 et

91 801 260 882 exspectat
282 798 317 862 in
339 797 480 863 adventu
506 798 575 862 cius
597 797 888 864 resurrectionem?
929 795 974 861 Hi
997 819 1109 862 omnes
1146 812 1163 862 ὁ

92 886 346 951 observaverunt
374 885 460 951 diem
486 885 625 970 paschae
654 888 770 970 quarta
800 885 925 950 decima
947 886 1038 970 luna,
1069 886 1110 950 ab

231 975 239 987 “
381 974 414 988 ⁸¹
457 974 458 977 ¹
504 975 511 988 ⁹
929 974 936 988 '
1096 977 1110 1008 L

91 973 545 1147 {lttttlttttrb
559 973 842 1147 tlztlff'tt
855 974 1112 1148 {stilti

92 1173 164 1214 mus
184 1150 331 1216 omnium
349 1155 502 1233 vestrum,
519 1149 705 1233 Polycrates
730 1151 905 1216 secundum
929 1150 1110 1217 doctrinam

92 1239 348 1324 propinquorum
362 1261 517 1322 meorum,
536 1259 617 1322 quos
628 1242 670 1302 ¹et
684 1243 811 1304 secutus
832 1262 912 1325 sum,
927 1244 1109 1324 —septem
1130 1256 1162 1303 10

92 1327 252 1411 siquidem
279 1327 412 1392 fuerunt
440 1327 584 1412 episcopi
611 1331 732 1412 elz-,ego
761 1331 895 1394 octavus
920 1363 959 1378 -
985 1349 1111 1413 semper

90 1415 213 1498 pascha
242 1415 414 1498 celebravi,
447 1415 576 1499 quando
608 1417 747 1500 populus
780 1415 973 1483 Iudaeorum
1000 1435 1112 1499 azyma

92 1503 242 1569 faciebat
288 1503 416 1588 Itaque,
444 1505 578 1588 fratres,
606 1501 696 1568 LXV
720 1525 823 1568 annos
845 1503 970 1569 habens
993 1504 1110 1568 aetatis

92 1614 183 1657 meae
210 1593 247 1655 in
275 1591 417 1657 Domino
446 1596 479 1656 et
503 1613 522 1656 a
549 1591 660 1657 multis
687 1591 726 1656 do
749 1595 820 1657 toto
848 1591 925 1656 orbe
953 1592 1109 1658 fratribus

91 1680 246 1762 eruditus,
270 1684 443 1765 peragrata
461 1681 550 1745 omni
569 1681 824 1764 scriptoranon
840 1680 1030 1747 ,formidabo
1054 1702 1109 1745 eos
1130 1696 1162 1744 15

92 1770 145 1852 qui
179 1769 277 1833 nobis
317 1769 492 1834 minantur.
546 1767 706 1832 Dixerunt
737 1769 824 1832 enim
857 1768 995 1833 maiores
1032 1769 1109 1832 mei:

92 1855 234 1941 ‘oportet
256 1854 327 1922 Deo
350 1857 456 1942 magis
479 1855 631 1921 oboedire
654 1877 750 1939 quam
771 1855 980 1921 hominibus’.
1020 1855 1111 1920 Haec

89 1949 263 2030 propterea
286 1945 395 2029 posui,
422 1949 460 2009 ut
482 1943 657 2029 ingenium¹
672 1946 705 2007 et
733 1942 959 2008 auctoritatem
986 1943 1048 2008 viri
1071 1965 1109 2008 ex

89 2056 190 2117 parvo
209 2034 367 2116 opusculo
387 2033 651 2098 demonstrarem.
683 2029 811 2096 Floruit
825 2028 935 2096 Severi
952 2032 1107 2117 principis

89 2121 293 2206 temporibus
312 2121 424 2186 eadem
444 2123 562 2205 aetate,
581 2131 645 2205 qua
663 2115 836 2184 Narcissus
854 2117 1108 2204 Hierosolymae.
1129 2137 1162 2185 ao

439 2391 441 2399 .
474 2336 556 2427 Cup.
588 2334 729 2408 XLVI.

177 2473 367 2540 Heraclitus
405 2474 465 2538 sub
497 2470 665 2538 Commodi
698 2469 869 2560 Severique
906 2473 1044 2559 imperio
1076 2473 1109 2537 in

90 2563 279 2647 apostolum
302 2561 550 2628 commentarios
574 2561 763 2646 composuit.

465 2777 560 2868 dap:
579 2775 743 2848 XLVII.

181 2912 346 2978 Maximus
370 2915 430 2980 sub
453 2913 568 2982 iisdem
595 2912 795 2999 principibus
823 2912 984 2978 famosam
1012 2933 1109 2998 quae·
1129 2932 1163 2981 25

88 3004 232 3068 stionem
254 3001 376 3086 insigni
398 3001 562 3068 volumine
584 3001 775 3084 ventilavit„
799 3001 883 3066 unde
911 3001 1046 3089 malum,
1078 3006 1111 3068 et

88 3091 178 3178 quod
202 3089 341 3154 materia
363 3111 384 3155 a
405 3089 476 3156 Deo
498 3090 587 3156 iacta
610 3089 662 3156 sit.

161 3269 178 3319 5
197 3263 278 3318 Vct:
298 3263 409 3333 spectet
482 3269 515 3317 11
535 3264 571 3320 al.
590 3263 723 3318 hocloco
743 3263 864 3318 addunt:
883 3261 1033 3334 propinqui
1052 3262 1109 3315 mei

87 3341 121 3390 22
141 3333 223 3390 Vct:
243 3333 415 3404 temporibus
487 3341 521 3389 2³
541 3334 682 3391 Norimb.=
699 3336 842 3404 apostolos

854 3627 891 3682 3*
