2552 4048
547 273 788 338 ..100-

159 421 258 486 etiam
288 417 534 484 rusticationem
563 417 676 482 contra
704 414 789 479 vires
812 434 906 496 suas,
928 411 1028 476 homo
1059 431 1175 495 genere

160 510 266 575 clarus
294 512 328 573 et
355 508 456 594 longe
487 506 582 572 aliter
604 505 767 587 educatus,
791 501 946 585 exercuit,
974 499 1030 565 sed
1056 499 1176 564 necin

161 597 362 682 spiritalibus
385 595 540 682 neglexit
575 592 662 659 Nam
681 596 714 658 et
736 593 771 656 in
789 590 935 656 docendo
958 587 1100 674 gratiam
1123 587 1178 652 ha·
1264 651 1265 654 ,

160 687 232 753 buit
255 691 288 750 et
311 686 433 771 absque
461 705 673 769 personarum
696 680 882 765 acceptione
906 677 1058 744 omnibus
1082 677 1178 742 casti·

125 778 274 861 agatum
298 797 379 859 opus
402 772 652 858 praedicationis
675 771 822 856 ingessit.
858 767 996 855 Ingenio
1020 788 1097 832 vero
1121 766 1178 830 im·

68 945 70 950 ι
160 864 291 930 mortali
314 865 425 948 aliqua
454 866 487 928 et
509 884 611 947 parva
632 860 747 940 edidit,
776 880 859 945 quaa
883 857 1027 923 eruditae
1050 855 1178 920 animae
1264 861 1265 888 l

162 956 195 1018 et
218 953 322 1018 fidelis
345 953 477 1035 linguae
499 950 617 1017 indicio
641 953 732 1034 sunt,
755 948 924 1034 inquibus
948 945 1123 1030 praecipuo
1146 949 1179 1008 et

163 1041 204 1106 ad
227 1042 403 1106 multorum
426 1041 601 1106 utilitatem
623 1038 804 1106 necessario
829 1058 925 1122 opere
948 1037 1050 1100 vitam
1075 1034 1180 1098 sancti
1264 1063 1265 1120 y

162 1129 338 1214 Honorati,
366 1130 543 1195 decessoris
567 1130 616 1195 sui
639 1127 828 1213 composuit.
873 1125 1012 1190 Moritur
1033 1122 1180 1190 Valenti·

111 1237 145 1286 10
163 1219 262 1285 niano
286 1222 319 1284 et
341 1217 504 1284 Martiano
528 1217 773 1303 imperantibus.
1264 1219 1265 1246 .

544 1453 626 1542 Cup.
656 1450 803 1522 LXXI.

252 1605 332 1688 Lac,
355 1605 445 1670 urbis
468 1605 593 1670 Romae
617 1605 798 1689 episcopus,
822 1605 953 1688 scripsit
976 1603 1029 1668 ‘ad
1051 1603 1180 1669 Elauia·

164 1692 264 1778 num’,
282 1691 660 1778 Constantinopolitanae
684 1694 838 1759 ecclesiae
857 1694 1054 1778 episcopum,
1073 1693 1185 1758 adver·
1264 1701 1265 1732 ³

168 1806 222 1848 sus
236 1782 411 1866 Eutychen
433 1783 674 1868 presbyterum,
693 1783 748 1867 qui
767 1785 845 1849 tunc
864 1783 1040 1848 ambitione
1060 1782 1183 1866 episco-
1264 1793 1265 1850 i

113 1891 147 1941 15
166 1876 263 1956 patus
277 1895 363 1937 nova
381 1872 417 1936 in
436 1872 605 1938 ecclesiam
619 1871 813 1937 moliebatur
826 1871 985 1956 inducere,
999 1871 1185 1955 epistulam,

167 1963 203 2026 in
221 1983 284 2046 qua
302 1961 456 2026 admonet
475 1983 561 2046 eum,
578 1965 617 2026 ut
635 1961 662 2026 si
680 1960 887 2026 confiteretur
905 1981 1045 2026 errorem
1064 1964 1097 2024 et
1114 1960 1185 2043 pol·
1264 1963 1265 1982 ³

167 2051 317 2115 liceretur
340 2049 614 2134 emendationem,
637 2050 795 2134 reciperet
818 2071 906 2134 eum,
931 2049 958 2114 si
981 2053 1090 2114 autem
1113 2070 1186 2132 per·

169 2139 298 2204 sisteret
324 2139 359 2203 in
386 2139 529 2224 incepto,
557 2161 630 2205 cum
659 2161 719 2204 sua
745 2137 850 2202 heresi
873 2139 1091 2203 damnaretur.
1137 2135 1186 2202 Si·

168 2226 289 2292 militer
312 2227 406 2293 docet
434 2229 470 2293 in
491 2229 564 2312 ipsa
587 2228 726 2313 epistula
749 2231 782 2292 et
804 2227 922 2314 divinis
946 2227 1115 2292 confirmat
1138 2229 1186 2290 te-

10 2365 16 2378 .
115 2334 150 2384 20
170 2315 346 2400 stimoniis,
373 2315 550 2382 Dominam
576 2321 726 2382 nostrum
753 2314 862 2386 Iesum
890 2313 1068 2400 Christum,
1101 2315 1187 2381 sicut
1264 2329 1265 2402 ξ

167 2407 322 2488 paternae
337 2405 521 2470 divinitatis
538 2405 655 2489 filium,
674 2405 721 2470 ita
739 2427 850 2470 verum
869 2404 1030 2469 humanae
1049 2407 1187 2469 naturae
1264 2421 1265 2482 j

168 2513 238 2556 esse
268 2493 432 2556 hominem
461 2492 667 2578 credendum,
699 2494 732 2558 id
763 2497 814 2558 est
843 2515 882 2558 ex
912 2515 1007 2558 carne
1036 2491 1185 2578 Virginis
1264 2483 1265 2538 l

168 2601 297 2646 carnem
327 2582 465 2646 traxisse
498 2585 531 2646 et
560 2603 627 2648 non
656 2581 695 2646 de
723 2583 812 2647 caelo
841 2603 957 2666 corpus
986 2581 1185 2665 exhibuisse,
1264 2579 1265 2630 l

169 2669 251 2734 sicut
275 2673 308 2734 et
329 2668 494 2754 Eutyches
518 2673 691 2737 asserebat.
736 2669 875 2735 Moritur
897 2670 1004 2736 Leone
1029 2674 1061 2735 et
1084 2669 1187 2755 Majo·

114 2776 148 2826 as
169 2759 261 2824 riano
285 2759 546 2844 imperatoribus.
638 2803 648 2811 s

537 2960 618 3052 Cap.
648 2958 817 3030 LXXII.

256 3111 459 3197 Mochimus,
481 3113 736 3199 Mesopotamius
759 3113 846 3197 apud
867 3112 1077 3179 Antiochiam
1100 3135 1188 3198 pres-

170 3203 277 3287 byter,
310 3202 466 3267 adversus
498 3201 669 3286 Eutychen
705 3203 870 3290 egregium
907 3201 1026 3268 librum
1059 3207 1093 3268 et
1125 3203 1188 3267 alia

171 3291 309 3357 scribere
334 3289 464 3376 dicitur,
487 3313 568 3375 quae
591 3292 729 3357 necdum
751 3291 826 3376 legi.

241 3472 257 3520 t
276 3465 371 3522 Barsa:
393 3481 507 3536 corpus,
525 3463 624 3520 Bamb.
643 3467 673 3526 et
690 3465 807 3522 Verone
826 3455 997 3536 castigatum
1016 3463 1135 3537 ingessit

171 3541 186 3590 7
206 3535 318 3591 Bamb:
338 3537 490 3606 praecipue
562 3541 595 3591 ⁸27
615 3535 728 3593 Bama.:
748 3537 991 3608 Mesopotamenus
