2546 4036
494 257 530 268 -
579 223 622 287 49
672 259 709 270 ..

457 365 539 458 Gap.
567 365 752 440 LXXVI.

180 499 318 586 Pierius,
333 501 572 570 Alexandrinae
586 505 740 570 ecelesiae
753 505 934 590 presbyter,
949 508 1008 571 sub
1024 504 1109 572 Caro

91 596 125 658 et
138 587 347 656 Diocletiano
370 590 572 676 principibus
595 596 742 679 tempore
766 615 830 677 quo
853 593 988 659 eandem
1011 597 1107 660 eccle·

90 681 173 745 siam
189 677 334 744 Thomas
358 679 528 764 episcopus
546 680 697 766 regebat,
719 681 947 747 florentissime
970 683 1107 767 populos

90 768 202 833 docuit
230 769 264 832 et
291 767 327 832 in
353 769 481 832 tantam
511 769 669 834 sermonis
698 769 962 855 diversorumque
989 773 1143 836 tracta-5

90 860 200 941 tuum,
230 855 286 940 qui
308 877 411 940 usque
434 855 530 921 hodie
554 861 699 942 exstant,
721 859 811 923 venit
834 858 1045 945 elegantiam,
1072 865 1108 924 ut

91 944 250 1030 Origenes
274 943 382 1010 iunior
404 948 580 1010 vocaretur.
618 943 767 1030 Constat,
784 947 870 1012 hunc
888 947 989 1011 mirae
1008 940 1108 1030 ἀσκή-

91 1049 176 1110 σεως
204 1037 238 1097 et
266 1033 483 1117 appetitorem
506 1034 709 1100 voluntariae
736 1035 939 1118 paupertatis
964 1035 1108 1101 scientis·

91 1122 274 1205 simumque
302 1121 489 1187 dialecticae
517 1122 597 1188 artis
628 1126 705 1206 post
731 1123 989 1206 persecutionem
1012 1145 1108 1189 omne

90 1211 177 1275 vitae
202 1229 280 1274 suae
301 1211 431 1293 tempus
453 1208 576 1275 Itomae
598 1210 698 1277 tuisse
720 1215 893 1278 versatum.
928 1210 1034 1278 Huius
1058 1216 1108 1278 est
1129 1228 1163 1277 10

93 1297 307 1384 longissimus
340 1300 499 1363 tractatus
533 1297 588 1364 ‘de
618 1298 780 1385 propheta
807 1298 913 1383 Osee',
945 1321 1041 1385 quem
1073 1301 1108 1364 in

91 1385 264 1472 pervigilio
287 1385 427 1470 paschae
450 1385 599 1452 habitum
621 1388 691 1473 ipae
715 1409 821 1454 sermo
844 1389 1055 1454 demonstrat.
1110 1444 1112 1450 .

444 1567 526 1658 cap.
554 1567 762 1640 LXXVII.

183 1704 356 1788 Lucienus,
379 1704 428 1768 vir
446 1703 688 1790 disertissimae,
710 1705 931 1772 Antiochenae
955 1707 1107 1772 ecclesiae

91 1794 276 1879 presbyter,
307 1795 436 1857 tantum
468 1793 504 1856 in
537 1793 771 1877 scripturarum
800 1793 907 1859 studio
936 1794 1161 1879 laboravit,15

91 1887 255 1966 utusque
279 1902 366 1946 nunc
389 1880 549 1964 quaedam
573 1882 771 1966 exemplaria
795 1882 1027 1964 scripturarum
1046 1882 1107 1946 Lu-

91 1971 178 2036 ciani
205 1969 358 2054 martyris
386 1972 621 2053 nuncupentur.
671 1967 832 2034 Feruntur
859 1970 927 2034 eius
952 1969 1006 2034 ‘de
1029 1970 1107 2035 fide'

92 2059 195 2124 libelli
224 2061 257 2123 et
284 2059 398 2122 breves
428 2057 470 2122 ad
495 2058 669 2122 nonnullos
698 2057 863 2142 epistulae.
908 2057 1028 2122 Passus
1059 2063 1109 2124 est

91 2147 302 2213 Nicomediae
331 2147 372 2211 ob
396 2144 633 2212 confessionem
656 2144 780 2210 Christi
803 2147 862 2211 sub
885 2147 1107 2230 persecutione

91 2235 265 2301 Maximini
289 2236 498 2319 sepultusque
521 2231 717 2318 Helenopoli
739 2233 924 2318 Bithyniae.
1127 2251 1161 2300 20

428 2415 510 2506 Cap.
539 2414 769 2487 LXXVIII.

181 2553 316 2618 Phileas
345 2552 384 2617 de
411 2552 491 2617 urbe
513 2551 669 2638 Aegypti,
700 2573 780 2638 quae
808 2555 942 2618 vocatur
964 2552 1108 2632 Thmuis‚

92 2642 197 2708 nobili
227 2662 345 2728 genere
373 2644 406 2705 et
432 2663 499 2705 non
521 2643 631 2726 parvis
656 2641 785 2725 opibus,
813 2645 962 2726 suscepto
986 2641 1107 2725 episco-

91 2736 180 2816 patu,
200 2729 481 2815 elegantissimum
500 2729 620 2794 librum
635 2729 685 2793 ‘de
699 2733 881 2812 martyrum
895 2727 1002 2793 laude’
1022 2751 1106 2794 com·

91 2820 202 2904 posuit
232 2823 266 2884 et
294 2817 513 2902 disputatione
541 2821 687 2884 actorum
713 2815 828 2881 habita
851 2816 1003 2882 adversus
1025 2816 1105 2881 iudi·
1124 2833 1160 2882 25

8 2941 9 2944 ¹
92 2930 177 2993 cem,
201 2907 257 2993 qui
281 2928 356 2971 eum
380 2906 560 2972 sacrificare
584 2905 736 2991 cogebat,
764 2926 823 2990 pro
848 2904 978 2970 Christo
1002 2906 1107 2990 capite

90 3000 264 3064 truncatur¹
287 2995 400 3061 eodem
418 2995 454 3059 in
468 2993 620 3080 Aegypto
639 2993 872 3078 persecutionis
893 2996 1023 3059 auctore
1042 3016 1105 3078 quo

90 3084 255 3152 Lucienus
277 3081 494 3149 Nicomediae.

163 3266 179 3314 3
199 3258 311 3314 Bamh:
332 3259 431 3314 eodem
449 3261 589 3328 tempore;
608 3257 705 3312 Rern:
725 3274 759 3312 eo
776 3259 903 3326 tempore
992 3262 1008 3308 9
1027 3255 1107 3308 Vah:

92 3333 157 3400 post
174 3328 402 3400 persecutionem
415 3346 482 3384 vero
522 3335 553 3382 11
569 3326 681 3382 Bamb.:
700 3327 729 3381 in
743 3328 910 3397 prophetam
948 3331 979 3380 12
994 3322 1106 3404 Bamb.:

92 3400 248 3472 pervilegio
325 3405 358 3454 14
376 3400 488 3454 Bamb.:
507 3397 690 3454 Nicomediae
763 3403 796 3452 23
816 3397 925 3451 Bamb.:
946 3393 1049 3449 nobilis

93 3478 126 3527 25
145 3472 258 3527 Bamh.=
278 3471 424 3525 auctorum

144 3570 261 3621 Herdlng,
278 3569 440 3618 Hieronymus.
877 3557 893 3604 4
