2552 4048
446 277 667 340 —59-

50 414 209 498 opuscula,
232 436 316 499 quae
334 416 474 482 necdum
496 417 572 502 legi.
612 416 704 484 Vivit
689 420 824 504 tuaque
840 417 937 484 hodio
956 418 1063 484 decre-

51 503 113 586 pita
134 506 311 569 senectute.

450 649 532 740 usp.
564 648 663 752 clx.

14 797 15 800 ’
132 783 295 868 Didymus
327 785 567 852 Alexandrinus
608 791 684 874 capt
684 811 722 854 us
765 810 785 854 a
820 810 923 872 parva
959 791 1065 856 aetate

52 873 148 938 oeulis
181 877 214 938 et
242 874 283 938 ob
311 872 345 938 id
368 875 507 940 clement
492 879 600 940 torum
623 899 751 962 quoque
774 877 908 962 ignarus
935 881 1064 944 tantum
1083 893 1099 942 5

51 961 237 1026 miraculum
256 984 306 1026 sur
297 961 470 1038 omnibus
484 964 644 1047 praebuit
663 968 700 1029 ut
685 964 923 1030 tdialectieam
937 988 1064 1052 quoque

52 1051 328 1136 etgeometriam,
356 1073 438 1135 quae
462 1053 514 1116 vel
536 1051 676 1117 maxime
700 1054 773 1118 visu
795 1053 934 1138 indiget,
962 1076 1064 1139 usque

50 1139 85 1202 ad
111 1137 238 1222 perfect
239 1161 293 1202 um
322 1138 477 1204 didicerit.
518 1139 581 1205 Hic
610 1141 751 1224 plurima
773 1142 960 1227 nobiliaque
988 1165 1064 1208 con-

51 1227 188 1311 scripsit:
207 1228 454 1294 commentarios
468 1228 658 1311 inpsalmos
673 1251 793 1315 omnes,
814 1232 1062 1298 commentarios

51 1316 80 1378 in
98 1315 305 1400 evangelium
318 1315 478 1381 Matthaei
493 1319 526 1380 et
538 1316 703 1402 Iohannis,
722 1322 755 1382 et
770 1318 820 1382 de
834 1319 1063 1472 dogmatibus',
1084 1337 1116 1385 10

50 1403 226 1468 etcontra
251 1403 404 1468 Arianos'
427 1405 528 1506 libros
552 1403 641 1488 duos,
665 1410 699 1470 et
722 1405 772 1471 de
795 1407 891 1490 spirit
891 1429 912 1472 u
936 1407 1062 1473 sancto'

49 1425 166 1556 librum
186 1513 297 1576 unum,
315 1514 411 1578 quem
426 1513 485 1578 ego
504 1493 540 1558 in
557 1494 616 1558 lat'
591 1497 697 1558 turum
711 1497 783 1560 ver
783 1517 804 1573 1
828 1497 861 1558 et
874 1495 909 1560 in
847 1494 1062 1560 tEsaiam

49 1584 150 1644 tomos
172 1578 335 1646 decemt
303 1586 335 1646 et
354 1581 466 1660 octo,
456 1603 492 1646 111
506 1581 589 1648 Osee
608 1582 649 1646 ad
668 1604 719 1648 me
739 1543 881 1648 scribens
900 1605 1062 1649 commen·

49 1669 204 1734 tariorum
218 1669 321 1736 libros
340 1673 415 1754 tros,
435 1673 468 1735 et
481 1671 516 1735 in
529 1669 719 1736 Zachariam
739 1692 811 1737 meo
825 1675 944 1757 rogatu
961 1673 1062 1739 libros

49 1757 186 1841 quinque
215 1760 249 1822 et
273 1760 522 1824 commentarios
550 1759 585 1822 in
607 1759 667 1824 lob
691 1763 724 1825 st
753 1761 856 1825 multa
879 1761 957 1842 alia,
981 1776 1116 1845 quae15

50 1845 188 1928 digerere
218 1847 343 1930 proprii
374 1847 487 1912 indicis
521 1851 580 1912 est.
633 1846 726 1912 Vivit
756 1869 857 1930 usque
889 1848 1000 1932 hodie,
1032 1853 1065 1913 et

50 1933 280 2018 octogesimum
298 1936 432 2000 tertium
447 1935 564 2000 aetatis
589 1957 666 2000 suae
689 1936 754 2000 iam
773 1936 910 2002 excessit
932 1957 1063 2002 annum.

459 2151 541 2243 sap.
574 2151 650 2222 ox.

133 2287 273 2372 Optatus
306 2288 399 2373 Afer,
437 2288 606 2373 episcopus
638 2286 862 2372 Milovitanus„
895 2309 934 2353 ex
970 2292 1063 2372 parte

51 2377 207 2443 catholica
230 2377 363 2462 scripsit
390 2377 451 2441 sub
474 2376 706 2442 Valentiniano
729 2380 762 2442 et
784 2375 924 2442 Valente
946 2377 1063 2460 princi·
1082 2393 1117 2441 20

51 2465 139 2545 pibus
164 2465 349 2531 ‘adversum
372 2464 578 2531 Donatianac
601 2466 705 2550 partis
732 2463 939 2531 calumniam'
962 2465 1063 2530 libros

51 2573 114 2638 ser,
149 2554 186 2618 in
215 2554 331 2638 quibus
360 2555 477 2620 asserit
503 2555 625 2620 crimen
650 2553 911 2620 Donatianorum
939 2553 975 2619 in
1002 2577 1064 2620 nos

50 2639 124 2707 falso
147 2643 341 2728 retorqueri.

450 2787 531 2878 Cup.
564 2787 662 2859 CXI.

14 2915 15 2920 ¹
132 2923 260 2990 Acilius
294 2921 477 2989 Severus
468 2946 502 2988 m
533 2923 709 3008 Hispania,
748 2923 787 2987 de
820 2943 937 3008 genere
976 2921 1062 2987 illius
1082 2941 1116 2990 25

49 3005 156 3076 Severi
187 3013 229 3077 ad
253 3028 348 3097 quem
370 3012 533 3078 Lactantii
557 3013 620 3077 duo
644 3012 856 3122 epistularum
879 3011 1064 3077 scribuntur

49 3096 131 3183 libri,
172 3101 356 3186 composuit
393 3101 545 3166 volumen
577 3101 669 3186 quasi
707 3095 925 3184 ὁδοιπορικόν
962 3099 1063 3165 totius

50 3185 132 3252 vitae
152 3211 230 3254 suae
253 3192 375 3254 statum
394 3188 563 3254 continens
579 3194 655 3254 tam
674 3211 772 3273 prosa
792 3211 888 3274 quam
907 3189 1063 3270 versibus,

115 3379 263 3434 4Bamb..
286 3394 305 3433 a
321 3395 454 3448 puarva
470 3379 605 3435 .amissis
728 3380 840 3434 'IVatz
834 3376 1062 3458 ·geometrioam

49 3443 110 3502 Vat
130 3451 160 3504 et
177 3449 258 3504 Bern
283 3451 312 3505 et
328 3449 440 3506 Bamb.:
464 3420 594 3518 indigent
687 3456 721 3506 16
739 3450 849 3504 Bamb.:
873 3447 990 3516 diligere

51 3517 177 3575 19111·
196 3519 380 3577 Milebitanns
468 3525 502 3574 21
521 3521 632 3576 Bamb..
650 3520 793 3586 Achillas,
812 3519 908 3572 Bern-
927 3514 1063 3585 Acbylius
