2546 4036
617 276 810 334 -χχ,

647 435 718 508 Pap.
737 440 784 494 24.

227 533 265 598 2:
289 527 470 597 abrabaxas
495 525 610 614 (A.V.:
634 527 795 615 abraxas).

227 623 264 687 3:
286 638 451 686 nurrrerum
464 618 649 701 sempter
663 613 744 702 (A.).
777 614 845 703 (V.:
858 616 993 682 nomine
1007 615 1218 701 suppotetur.)

289 745 327 756 -
352 711 492 773 narratus
512 710 558 772 est
578 711 682 772 autem
704 702 750 790 (V
752 730 772 772 .:
796 708 904 772 eutem
928 702 1003 791 est).
1045 759 1050 768 .
1075 715 1077 718 ’

227 799 264 864 5:
288 798 423 864 eozebas
447 791 514 881 (Aa
537 790 704 879 (ih-ebes).

227 889 265 953 6:
288 885 446 972 enegavit.
1105 915 1107 920 ,

228 978 265 1042 8:
288 974 497 1060 Hegisippus.
528 1009 566 1020 -
596 973 728 1056 apostoi'
860 969 939 1058 (A).
964 1031 967 1038 ,
995 967 1065 1056 (V.:
1093 974 1218 1054 aposto·

287 1065 403 1128 lorum.

208 1154 264 1218 13:
288 1152 357 1217 vite
384 1061 462 1236 (is).
490 1187 535 1196 -
562 1147 630 1235 (A.:
662 1146 789 1236 ritem.)
842 1147 909 1235 (V.:
942 1151 1153 1234 expromeret.
1183 1185 1216 1194 ·-

287 1243 451 1305 serentem
475 1236 554 1325 (V).
600 1237 668 1322 (Aa
692 1236 935 1322 characterem.)

208 1330 265 1395 16:
288 1327 501 1393 Eleutherum
526 1323 640 1414 (V.A.:
663 1323 887 1412 Eleuterium).

207 1419 266 1484 19:
289 1417 446 1483 crevisset
468 1413 536 1502 (V.:
559 1437 703 1482 errorem
726 1413 931 1501 greuissent).
958 1451 996 1462 -
1024 1437 1063 1480 ex
1086 1436 1158 1499 quo.

204 1509 266 1572 20:
289 1527 352 1589 qua
373 1505 515 1587 floruerit
535 1510 642 1571 aetate.
679 1501 875 1590 (floruerintz
898 1507 994 1570 erret.
1011 1501 1165 1590 tppngr.)
1182 1539 1217 1548 -

284 1594 428 1659 tumulis.

205 1685 264 1749 21:
287 1703 383 1765 usque
405 1682 493 1748 hodie
515 1679 626 1768 (V.A.:
651 1679 775 1765 tusque'
800 1680 886 1767 om.).

205 1773 264 1838 22:
289 1771 464 1837 Antinuus.
483 1807 526 1818 -
550 1771 616 1853 (A.:
640 1769 706 1854 eui,
730 1769 825 1836 V.B.:
850 1768 964 1854 euius).
984 1807 1026 1818 -
1051 1769 1119 1855 (V.:
1138 1792 1218 1854 eym-

285 1882 411 1947 magus.

205 1951 257 2016 23.
281 1951 340 2014 24:
369 1859 544 2015 eximetur.
599 1947 764 2032 Antinuus
795 1952 905 2014 autem
938 1947 1056 2013 ciuitas
1091 1947 1220 2032 aegypti

285 2060 367 2125 quae
396 2061 435 2104 ex
464 2038 532 2122 eius
559 2037 690 2102 nomine
718 2035 870 2102 condedit
899 2039 931 2101 et
958 2035 1134 2121 prophetas
1158 2039 1219 2100 sta-

283 2127 348 2191 tuit
378 2127 413 2191 in
440 2126 607 2210 templum.
657 2124 841 2190 Antinuum
869 2128 979 2192 autern
995 2175 1024 2192 ..
1040 2125 1165 2190 diliciis.
1179 2161 1217 2171 —

286 2213 353 2302 (V.:
386 2215 545 2280 exereitus
572 2211 758 2298 Antinous).

204 2306 263 2370 25:
287 2302 491 2370 ‘Antinoum’
517 2324 579 2368 om.

204 2394 264 2458 28:
287 2390 521 2476 phylosophus.
544 2427 588 2437 —
610 2388 869 2475 phyloseforum.

205 2482 264 2546 29:
289 2477 473 2544 Palestinae
498 2476 576 2566 ΟΥ..)
601 2515 639 2526 -
665 2479 762 2562 patri.

644 2635 714 2706 Pap.
734 2641 783 2694 25.

226 2746 262 2811 5:
286 2744 355 2809 eius
379 2743 562 2809 Antonioni
584 2742 695 2810 Marco
720 2743 888 2812 Antonino
913 2745 1018 2812 ‘Vero'
1042 2767 1102 2814 om.

226 2835 263 2899 9:
287 2833 395 2898 elium.
422 2869 461 2879 —
488 2831 557 2918 (V.:
581 2833 782 2899 monareiedi
805 2833 859 2921 et)

205 2923 263 2987 12:
287 2922 433 2988 adversus
457 2919 635 2988 Trifonem.

205 3010 263 3075 13:
286 3009 438 3074 hireneus
462 3008 539 3095 ΟΥ..)

205 3099 263 3164 14:
285 3097 409 3163 heresis
433 3095 511 3184 (Vm)

205 3188 322 3252 17:111
341 3186 454 3250 urbem
482 3188 630 3252 Romam.
663 3224 701 3232 -
737 3186 893 3253 ‘haberet'
918 3210 981 3254 om.
1015 3226 1056 3236 -
1090 3187 1155 3274 (V.:
1184 3190 1214 3250 et

284 3273 481 3362 crisgetem.)
507 3313 549 3321 —

205 3364 262 3429 19:
286 3365 444 3451 golosum.

202 3453 261 3517 22:
286 3453 455 3538 sanguine.

202 3541 262 3606 23:
285 3540 392 3607 Milite
417 3541 487 3628 (V.:
512 3542 627 3608 Melite
652 3541 787 3630 asinus).
