2546 4036
487 221 707 289 „27-

83 362 231 428 civitatis
260 365 295 427 et
321 362 506 448 provinciae
534 363 687 448 populos,
718 362 775 428 sed
804 366 838 428 et
869 363 1006 432 aliarum
1033 381 1105 447 pro·

86 450 272 516 vinciarum
295 454 328 516 et
350 451 478 516 urbium
500 451 649 537 epistulis
673 449 822 518 erudiret.
860 449 1031 537 liquibus
1055 455 1106 518 est

89 561 155 604 una
177 537 219 604 ad
232 535 522 620 Lacedaemonios,
546 540 611 606 alia
635 539 676 605 ad
689 537 918 623 Athenienses,
940 540 1040 604 tertia
1062 539 1105 605 ad

85 623 368 712 Nicomedienses,
390 632 508 712 quarta
530 627 571 694 ad
594 626 781 712 Cretenses,
802 628 917 713 quinta
940 628 982 693 ad
1004 629 1105 693 eccle·

86 717 173 781 siam
186 715 412 782 Amastrinam
435 719 468 782 et
490 717 531 782 ad
553 717 696 803 reliquas
711 716 810 782 Ponti
828 717 994 801 ecclesias,
1012 720 1104 782 sexta
1140 730 1156 780 5

86 804 129 869 ad
153 803 340 872 Gnosianos
369 808 402 870 et
429 805 471 870 ad
493 804 663 891 Pinytum,
691 803 834 871 eiusdem
861 805 952 871 urbis
980 805 1102 890 episoc-

85 914 181 978 pum,
205 893 344 976 septima
366 893 408 958 ad
425 891 607 980 Romanos,
625 916 725 980 quam
744 895 874 979 scripsit
893 894 934 960 ad
948 891 1104 978 Soterem,

86 982 278 1066 episcopum
301 1003 427 1068 eorum,
450 986 566 1056 octava
589 983 630 1048 ad
654 981 933 1068 chrysophoram,
956 986 1103 1048 sanctam

86 1069 254 1135 feminam.
307 1067 433 1136 Olaruit
470 1071 530 1136 sub
562 1071 758 1157 imperatore
789 1069 900 1138 Marco
932 1070 1102 1138 Antonino

85 1155 175 1224 Vero
201 1162 233 1223 et
254 1157 355 1225 Lucio
379 1159 514 1226 Aurelio
538 1157 725 1226 Commodo.
1124 1177 1156 1225 10

443 1340 526 1432 Gap.
558 1339 751 1414 XXVIII.

175 1475 317 1562 Pinytus
328 1474 502 1562 Cretensis,
516 1475 659 1544 Gnosiae
673 1478 763 1544 urbis
779 1479 957 1564 episcopus,
971 1476 1101 1562 scripsit

87 1565 128 1628 ad
146 1563 355 1649 Dionysium,
374 1563 617 1634 Corinthiorum
641 1567 837 1652 episcopum,
861 1565 953 1632 valde
972 1565 1102 1650 elegan-

86 1657 153 1717 tem
177 1653 366 1738 epistulam,
388 1655 425 1720 in
448 1676 513 1739 qua
535 1655 630 1721 docet
651 1675 719 1721 non
742 1677 871 1740 semper
892 1657 976 1722 lacte
999 1673 1101 1738 popu-

84 1742 134 1806 los
158 1741 377 1828 enutriendos,
400 1764 442 1808 ne
466 1745 561 1828 quasi
585 1743 713 1828 parvuli
735 1745 777 1808 ab
800 1745 918 1809 ultimo
942 1763 1099 1826 occupen·
1122 1758 1155 1806 rs

85 1834 139 1894 tur
161 1829 229 1915 (lie,
252 1829 309 1895 sed
332 1835 366 1896 et
389 1831 492 1898 solido
515 1832 602 1897 vesci
627 1831 743 1896 debere
767 1832 850 1897 cibo.

466 2012 548 2103 cap.
580 2011 731 2082 xxrx.

175 2148 351 2235 Tatianus,
375 2149 432 2234 qui
455 2149 597 2233 primum
615 2148 793 2214 oratoriam
813 2147 932 2213 docens
948 2167 1016 2212 non
1029 2169 1103 2231 par·

84 2259 160 2302 ram
184 2238 249 2303 sibi
272 2259 312 2303 ex
335 2241 404 2304 arte
421 2237 585 2304 rethorica
607 2237 748 2324 gloriam
769 2235 1026 2321 comparaverat,
1048 2233 1102 2300 Iu-

85 2326 166 2391 stini
190 2327 343 2410 martyris
363 2329 503 2393 sectator
525 2325 603 2412 fuit,
625 2326 744 2393 florens
762 2326 797 2392 in
815 2323 965 2408 ecclesia,
988 2345 1101 2409 quam·
1120 2339 1155 2390 ao

83 2415 139 2480 diu
163 2415 207 2480 ab
231 2415 300 2480 eius
322 2415 423 2480 latere
446 2436 514 2481 non
537 2413 693 2482 discessit.
737 2413 858 2480 Postea
880 2434 971 2500 vero,
994 2413 1099 2478 elatus

83 2504 289 2590 eloquentiae
311 2506 451 2590 tumore,
473 2525 594 2570 novam
612 2503 759 2570 condidit
775 2503 917 2584 heresin,
941 2524 1025 2587 quae
1048 2523 1102 2567 en·

83 2593 278 2658 cratitarum
301 2592 428 2677 dicitur,
451 2614 549 2678 quam
570 2596 686 2678 postea
705 2588 843 2658 Severus
867 2591 971 2675 auxit,
994 2612 1101 2675 aquo

84 2681 232 2746 eiusdem
260 2681 363 2766 partis
392 2681 528 2748 heretici
551 2679 716 2748 Savariam
744 2702 845 2765 usque
872 2679 969 2746 hodie
993 2678 1101 2763 appel·

83 2769 205 2836 lantur.
250 2767 353 2835 Porro
377 2769 533 2836 Tatianus
560 2770 691 2836 infinita
721 2769 851 2854 scripsit
872 2767 1052 2849 volumina,
1084 2779 1157 2830 eac

85 2857 206 2942 quibus
229 2879 313 2924 unus
336 2861 449 2924 contra
472 2861 587 2945 gentes
609 2857 858 2924 florentissimus
882 2858 989 2920 exstat
1011 2854 1104 2938 liber,

85 2947 141 3030 qui
172 2946 259 3012 inter
288 2947 400 3012 omnia
426 2968 526 3032 opera
553 2947 622 3012 eius
649 2946 754 3010 fertur
781 2943 929 3030 insignis.
978 2941 1025 3010 Et
1050 2943 1105 3010 hio

157 3126 174 3176 3
193 3121 264 3176 haec
278 3119 376 3176 verba:
395 3120 479 3176 tertia
494 3121 529 3176 ad
543 3119 782 3190 Nicomedienses,
796 3123 897 3189 quarta
910 3117 947 3174 ad
961 3117 1106 3176 Cretenses

83 3191 187 3246 desunt
204 3190 235 3245 in
252 3191 318 3248 Vat
418 3191 503 3247 sm:
522 3189 724 3246 amastrianam
764 3199 767 3206 ‘
819 3187 932 3245 evat:
950 3190 1106 3260 Pynetum3

86 3260 203 3319 Bamb..·
221 3261 369 3332 Pynitnm3
388 3261 528 3318 Norint:
542 3261 667 3316 Pinitum
750 3268 783 3317 lt
802 3262 852 3316 al:
870 3259 1035 3314 nutriendos

85 3339 119 3387 16
138 3332 191 3389 alii
209 3332 329 3388 addunt:
348 3333 429 3388 utin
447 3332 602 3402 spiritalem
620 3332 769 3402 proficiant
787 3331 968 3386 senectutem.
1004 3327 1043 3382 Et
1060 3328 1107 3383 hic

84 3404 137 3459 sub
160 3404 257 3460 Marco
280 3403 422 3460 Antonino
443 3403 518 3458 Vero
541 3405 571 3460 et
593 3403 680 3459 Lucio
702 3402 816 3458 Aurelio
835 3398 987 3456 commodo
1012 3398 1108 3454 floruit

84 3480 118 3528 21
137 3473 218 3530 Vsa:
237 3474 353 3530 recessit
425 3480 458 3528 22
477 3474 526 3530 al:
547 3470 719 3546 treocaleos
847 3471 849 3476 ’
