2546 4036
477 235 709 302 2-25-

88 377 204 446 Prisco
228 376 385 464 Bacchio‚
407 398 467 462 pro
490 378 649 464 religione
672 373 795 444 Christi
818 379 993 462 plurimum
1016 379 1107 446 labo·

86 467 189 552 ravit,
212 467 249 532 in
271 469 402 532 tantum
424 469 462 532 ut
474 465 645 532 Antonino
668 487 794 551 quoque
808 465 867 531 Pio
890 471 924 532 et
941 467 1018 533 filiis
1037 468 1107 534 eius

89 559 124 620 et
146 555 277 622 senatui
298 555 419 660 librum
446 557 562 620 contra
585 558 699 640 gentes
722 555 878 639 scriptum
894 555 994 658 ‘daret
1015 557 1109 641 igno·

89 643 1141 818 tttztthtttthntttttatAttrita⁶

88 824 122 886 et
144 819 247 886 Lucio
265 819 402 886 Aurelio
422 817 611 886 Commodo.
647 819 769 886 Exstat
790 821 859 886 eius
883 825 916 888 et
938 821 1027 886 aliud
1050 844 1106 888 vo·

7 945 8 972 1
90 909 205 974 lumen
233 911 347 975 contra
374 913 502 994 gentes,
529 909 587 976 ubi
614 909 653 975 de
681 909 875 975 daemonnm
900 931 1026 996 quoque
1049 931 1105 975 na·

86 1002 164 1062 tura
187 997 346 1082 disputat,
375 1000 409 1062 et
432 1000 583 1082 quartum
607 997 777 1064 adversum
800 1001 928 1084 gentes,
956 999 1007 1064 cui
1030 1000 1106 1064 titu-

86 1086 158 1152 lum
179 1085 388 1170 praenotavit
410 1087 557 1170 ἔλεγχος,
584 1085 642 1151 sed
670 1088 704 1151 et
732 1085 820 1151 aliud
849 1087 888 1152 ds
915 1086 1107 1154 monarchia

86 1174 165 1260 Dei,
188 1178 222 1239 et
245 1173 329 1240 alius
351 1173 434 1239 liber
456 1195 552 1259 quem
574 1175 779 1260 praenotavit
801 1171 941 1262 ψάλτην,
965 1178 999 1240 et
1021 1176 1103 1242 alius
1125 1201 1159 1250 10

86 1263 125 1328 de
158 1263 281 1347 anima,
310 1265 343 1327 et
370 1262 520 1348 dialogus
549 1265 664 1328 contra
686 1261 838 1350 Iudaeos,
866 1285 961 1349 quem
987 1264 1105 1330 hahuit

86 1351 259 1417 adversum
289 1349 514 1437 Tryphonem,
544 1352 725 1438 principem
746 1351 954 1436 Iudaeorum,
987 1353 1043 1418 sed
1072 1357 1105 1417 et

85 1441 202 1505 contra
221 1437 420 1505 Marcionem
438 1440 582 1526 insignia
599 1441 775 1526 volumina,
794 1461 932 1526 quorum
950 1439 1102 1506 Irenaeus

87 1548 218 1615 quoque
241 1528 277 1592 in
300 1532 417 1614 quarto
439 1527 595 1594 adversus
618 1529 748 1594 hereses
776 1529 862 1594 libro
885 1527 1048 1614 meminit;
1071 1533 1104 1594 et

86 1617 170 1682 alius
195 1615 277 1682 liber
301 1621 414 1682 eontra
437 1638 550 1682 omncs
572 1617 718 1702 hereses,
746 1617 837 1684 cuius
859 1617 942 1682 facit
964 1618 1100 1683 mentio·
1122 1644 1159 1692 15

84 1727 162 1772 nem
184 1705 221 1769 in
244 1704 471 1792 ApologeticO,
499 1727 595 1790 quem
620 1706 709 1771 dedit
731 1705 900 1772 Antonino
923 1705 992 1772 Pio.
1038 1703 1103 1771 Hic

86 1815 160 1860 oum
191 1793 227 1858 in
250 1793 329 1860 urbe
352 1793 458 1858 Roma
484 1793 620 1859 haberet
642 1789 815 1880 διατριβάς
838 1797 871 1858 et
894 1791 1103 1860 Crescentem

85 1883 253 1968 cynicum,
275 1882 331 1967 qui
354 1882 457 1947 multo
481 1881 651 1946 adversum
671 1879 874 1947 Christianos
896 1881 1102 1966 blasphema·

84 1971 159 2056 hat,
182 1971 392 2056 redargueret
415 1971 566 2056 gulosum
589 1973 622 2036 et
640 1970 755 2035 mortis
773 1969 925 2035 timidum
943 1971 1102 2035 luxuriae·

86 2081 148 2145 que
171 2081 210 2125 ac
228 2059 401 2124 libidinum
420 2063 629 2142 sectatorem,
647 2057 688 2122 ad
707 2061 886 2124 extremum
907 2058 1014 2124 studio
1034 2059 1103 2124 eius
1123 2085 1161 2134 20

86 2152 119 2213 et
136 2146 265 2213 insidiis
281 2151 451 2213 accusatus
471 2145 558 2232 quod
573 2145 780 2212 Christianus
796 2151 882 2212 esset
896 2169 955 2232 pro
972 2143 1103 2212 Christo

91 2237 287 2322 sanguinem
309 2237 402 2302 fudit.

261 2375 264 2380 '
468 2363 550 2460 Cup.
582 2361 729 2435 XXIV.

112 2554 115 2560 .
177 2501 312 2568 Melitns
331 2501 485 2584 Asianus,
508 2499 678 2566 Sardensis
703 2501 883 2586 episcopus,
904 2501 1024 2568 librum
1047 2502 1104 2568 im·

86 2591 235 2674 peratori
257 2588 367 2656 Marco
391 2590 560 2656 Antonino
584 2588 686 2668 Vero,
713 2589 769 2674 qui
791 2587 966 2656 Frontonis
997 2594 1103 2658 orato·
1123 2615 1159 2663 ns

85 2679 130 2744 ris
169 2679 346 2762 discipulus
383 2677 460 2762 fuit,
496 2699 557 2762 pro
592 2675 777 2744 Christiano
815 2678 968 2764 dogmate
1006 2679 1104 2744 dedit.

87 2765 228 2852 Scripsit
250 2787 377 2852 quoque
401 2771 434 2831 et
457 2767 537 2850 alia,
556 2766 595 2830 de
614 2767 731 2851 quibus
750 2767 909 2830 istasunt
928 2788 1009 2851 quae
1029 2766 1104 2832 sub-

84 2855 236 2920 iecimus:
265 2854 304 2919 de
330 2855 452 2940 pascha
479 2855 580 2920 libros
608 2854 685 2934 duo,
713 2854 752 2919 de
780 2855 848 2918 vita
869 2855 1103 2939 prophetarum
1200 2851 1205 2860 ’

85 2943 206 3008 librum
230 2965 345 3026 unum,
372 2942 411 3008 dc
434 2943 485 3008 dic
509 2943 671 3008 dominica
692 2942 811 3006 librum
834 2963 949 3028 unum,
978 2944 1017 3009 de
1040 2942 1103 3008 fids

85 3031 206 3098 librum
230 3053 344 3116 unum,
371 3031 410 3096 dc
432 3031 518 3115 plasi
540 3031 659 3096 librum
682 3051 797 3114 unum,
826 3031 867 3117 ds
891 3033 1039 3098 sensibus
1062 3033 1102 3096 li·
1122 3058 1158 3105 30

84 3121 182 3186 brum
210 3142 327 3203 annm,
359 3119 412 3200 de,
430 3121 538 3185 anima
565 3123 598 3184 et
623 3140 758 3203 corpore
781 3119 901 3184 librum
925 3145 1040 3204 unum,
1063 3121 1102 3186 de

86 3209 287 3294 baptismate
309 3208 428 3272 librum
451 3230 564 3294 unum,
593 3208 632 3273 de
655 3205 828 3292 φιλοξενία
855 3209 974 3275 librum
996 3231 1105 3292 unum,

159 3355 193 3402 14
213 3348 264 3402 ah:
282 3347 313 3402 in
330 3346 445 3430 puint03
464 3347 500 3402 cf.
520 3346 628 3416 Mignc,
647 3353 672 3430 ξ.
692 3346 788 3430 adnot.
871 3353 905 3401 27
925 3347 974 3403 ale
994 3345 1064 3400 dnos

87 3423 121 3472 29
139 3419 195 3474 hoc
214 3419 283 3474 loco
298 3417 350 3473 alu
368 3417 485 3472 addente
509 3417 544 3473 de
563 3417 683 3472 ecclesia
699 3417 803 3473 hbrnm
821 3433 909 3472 unum
998 3421 1033 3470 30
1052 3415 1104 3472 ah:

87 3487 122 3544 de
139 3489 283 3560 plasmate
393 3493 427 3543 32
446 3487 501 3543 hoc
519 3488 582 3543 loco
601 3487 652 3542 alii
669 3487 789 3543 addunt:
808 3488 843 3542 de
862 3487 983 3574 peritate
1000 3485 1105 3542 librum
