2552 4048
589 285 805 348 ...12-

187 445 358 529 eunotique
392 444 511 508 terreni
544 444 668 509 domini
698 443 806 522 heres,
843 443 948 507 omnis
983 442 1206 527 generationis

186 537 319 598 nostrae
343 533 499 598 memoria
522 555 559 598 ac
584 533 684 598 totius
708 532 837 596 futurae
862 531 1065 616 posteritatis
1091 533 1205 596 archa!

187 621 228 705 0,
247 621 289 706 si,
308 621 393 705 quod
412 620 513 704 absit,
531 621 640 705 aliquo
659 621 863 686 infelicitatis
884 642 961 686 casu
984 620 1046 684 viis
1066 624 1100 684 et
1119 621 1205 685 votis

186 710 253 776 tuis
273 710 453 775 obsistente
475 713 509 774 te
531 710 665 794 perdere
683 731 743 776 nes
763 709 981 794 contingeret,
1006 707 1121 774 exinde
1140 731 1207 775 non

187 799 293 864 solum
317 799 491 863 cuiuslibet
514 798 627 863 solacii
648 798 821 883 refugium,
844 819 955 880 verum
979 798 1078 861 etiam
1101 798 1237 862 totiuss

186 886 391 971 posteritatis
405 890 539 952 nostrae
553 888 688 952 exitium
702 887 817 952 deflere
832 908 933 971 usque
949 886 1103 951 adfinem
1118 887 1205 950 vitae

186 979 318 1040 nostrae
337 975 568 1040 miserabiliter
587 976 722 1061 dignum
740 979 828 1040 essct
844 997 903 1040 nec
916 975 1005 1039 ultra
1019 975 1129 1040 vivere
1148 975 1205 1057 sed

187 1065 271 1130 mori
297 1063 384 1128 foret
407 1086 427 1128 a
455 1064 515 1128 deo
539 1065 615 1130 altis
643 1064 789 1148 suspiriis
819 1063 930 1128 sedulo
957 1062 1205 1146 postulandum3

186 1153 309 1217 nullius
335 1153 502 1217 solaminis
526 1175 584 1236 spe
606 1153 696 1219 retici
719 1153 776 1218 sed
798 1153 902 1218 totius
922 1151 1149 1217 tribulationis
1173 1157 1206 1214 et

188 1241 357 1326 angustiae
395 1240 481 1304 affici
518 1240 652 1325 dignum
689 1241 842 1306 ducerent
878 1240 916 1305 de
959 1245 1066 1305 catere
1108 1240 1206 1305 corda
1224 1264 1251 1302 ιο

186 1333 310 1394 nostra.
339 1326 447 1394 'Oculi
468 1329 574 1394 nostri
592 1331 701 1394 vultus
724 1330 774 1394 tui
797 1329 919 1394 lumine
942 1328 1207 1412 praeclarissimo

187 1417 376 1502 depraedati
390 1418 551 1482 continuis
566 1418 772 1484 lacrimarum
792 1419 938 1484 fontibus
957 1417 1058 1482 facies
1072 1421 1208 1482 nostras

188 1506 325 1590 irrigare
352 1506 515 1570 uberrime
542 1507 659 1572 merito
690 1511 890 1592 cogerentur.
936 1506 1041 1570 Aures
1073 1509 1208 1570 nostras

189 1595 301 1660 audito
320 1598 397 1658 tuae
415 1593 606 1678 perditionis
626 1616 703 1660 easu
721 1595 845 1660 infelici
863 1599 1020 1661 terrorem
1039 1593 1208 1658 dolorissi·

188 1705 276 1747 mum
304 1683 447 1765 recipere
475 1685 509 1746 et
536 1683 655 1747 habere
679 1703 807 1766 semper
831 1687 863 1748 et
888 1685 1087 1748 incessanter
1111 1704 1208 1765 opor·
1223 1705 1250 1744 rs

188 1774 273 1835 teret
291 1792 351 1836 nec
366 1775 453 1834 esset
471 1770 602 1854 aliquod
622 1792 794 1854 corporum
807 1775 995 1837 nostrorum
1014 1770 1208 1852 membrum,

188 1860 274 1944 quod
292 1863 362 1924 tam
375 1858 552 1924 nefandum
570 1859 777 1924 infelicitatis
791 1881 901 1925 casum
918 1859 1120 1924 amarissime
1139 1881 1208 1924 non

188 1949 330 2014 defleret.
366 1947 412 2012 Et
431 1948 473 2030 si,
492 1947 577 2031 quod
596 1949 692 2031 absit,
716 1948 846 2032 aliquod
864 1948 941 2014 talis
960 1948 995 2011 in
1014 1947 1207 2030 corporibus
1272 1961 1273 1982 ³

187 2037 310 2102 nostris
329 2035 535 2100 infedilitatis
553 2036 736 2102 membrum
754 2037 887 2120 reperiri
906 2036 1119 2120 contingeret,
1142 2035 1208 2100 hoc

190 2129 277 2192 esset
298 2125 411 2207 procul
436 2123 533 2189 dubio
556 2125 676 2190 iudicio
700 2126 849 2208 protinus
874 2122 1127 2190 abscidendum'.
1222 2149 1249 2188 ao

136 2207 177 2271 18
277 2211 339 2276 His
370 2215 403 2276 et
432 2212 617 2278 huiusmodi
650 2213 827 2298 plangendi
853 2213 958 2280 modis
986 2213 1067 2296 ipsis
1094 2214 1206 2277 multi-

187 2301 386 2386 plicantibus
416 2303 449 2365 et
476 2303 564 2366 ultra
592 2323 689 2384 quam
717 2302 780 2368 diei
806 2302 912 2385 possit
939 2302 1206 2367 continuantibus

187 2392 403 2472 pervenerunt
433 2390 474 2453 ad
502 2392 642 2475 portam.
684 2389 730 2455 Et
756 2391 868 2455 navim
895 2390 1084 2474 deputatam
1112 2391 1207 2454 nobi-

187 2477 305 2541 lissimi
324 2477 477 2560 coniuges
496 2479 708 2542 intraverunt.
744 2478 790 2543 Et
810 2479 1065 2546 valedicentibus
1089 2500 1206 2562 paren-

186 2565 275 2629 tibus
303 2564 448 2648 ipsisque
475 2587 587 2630 rursus
615 2561 864 2632 maledictionem
891 2567 1124 2634 lacrimabilem
1155 2589 1206 2631 re·
1221 2589 1249 2630 25

185 2652 366 2718 ferentibus
390 2657 587 2719 mercatores
605 2655 740 2739 pessimi
764 2657 879 2721 erectis
903 2656 985 2720 velis
1005 2658 1038 2720 et
1055 2655 1205 2740 remigiis

188 2743 309 2826 aptatis
334 2741 450 2806 abinde
472 2743 627 2827 navigare
653 2749 837 2828 coeperunt.

136 2826 178 2890 19
277 2830 422 2895 Tandem
440 2853 513 2896 cum
531 2832 743 2898 transfretate
761 2837 994 2918 magnaparte
1013 2833 1111 2897 maris
1135 2832 1205 2898 iam

187 2919 313 3004 regioni
344 2919 566 2986 Romanorum
601 2922 861 3006 appropinquare
893 2922 1086 3005 inciperent,
1119 2943 1204 2987 mer-

187 3011 313 3072 catores
341 3008 414 3072 vela
442 3031 570 3074 sursum
597 3009 743 3076 levantes
770 3033 869 3076 naves
898 3011 939 3074 ad
966 3010 1128 3094 quandam
1156 3011 1203 3074 in-
1219 3033 1270 3102 so,

114 3125 116 3132 ¹
187 3094 292 3160 sulam
316 3096 499 3181 parvulam,
523 3120 605 3182 quae
623 3099 721 3164 nullis
740 3098 989 3164 inhabitabatur
1013 3098 1203 3164 hominibus

187 3183 241 3248 sed
260 3183 396 3267 rupibus
414 3189 448 3248 et
469 3187 594 3252 rubetis
612 3187 745 3252 incultis
763 3191 795 3252 et
813 3187 981 3252 horrendis
1001 3187 1204 3253 exuberabat

258 3418 289 3465 13
309 3413 420 3465 uestras
443 3412 485 3477 D,
509 3412 620 3466 nostrae
644 3412 680 3466 F.
755 3421 788 3469 17
811 3413 992 3484 nephandum
1015 3415 1091 3470 codd.
1169 3419 1202 3469 18
1268 3377 1269 3469 l

184 3480 285 3534 talium
310 3484 385 3537 codd.
470 3488 502 3536 19
529 3481 687 3550 contigeret
711 3487 787 3540 codd.
867 3492 900 3540 21
926 3485 983 3538 hiis
1008 3486 1085 3540 codd.
1167 3492 1201 3540 23
1267 3549 1268 3554 ἵ

185 3550 282 3605 navim
295 3554 371 3607 codd.
388 3553 417 3621 (t)
491 3557 525 3608 25
540 3553 738 3609 valedictionis
752 3557 838 3624 codd,
852 3556 1071 3610 valedictionem
1085 3557 1195 3612 career·
