2552 4048
545 267 766 334 -262-

146 430 246 493 istam
269 427 383 492 horam
413 428 462 493 ita
485 428 660 510 occultavi,
688 427 775 511 quod
802 427 900 492 homo
928 427 1040 492 vivens
1064 447 1164 510 super

146 515 269 582 terram
301 538 467 601 nunquam
500 517 603 582 seivit.
647 516 693 582 Et
724 517 803 582 licet
836 538 930 582 casus
957 515 1164 580 necessitatis

147 605 277 689 saepius
301 605 429 670 affluerit
450 627 616 689 nunquam
638 608 750 670 tamen
773 627 811 670 ea
833 605 969 670 vendere
993 603 1085 668 volui
1108 604 1165 668 sed

147 694 183 758 in
210 695 435 760 testimenium
462 694 583 759 doloris
611 693 676 758 mei
706 699 739 759 et
763 694 982 779 paenitentiae
1004 693 1166 777 usquein

148 783 233 847 diem
257 783 358 848 divini
380 783 491 848 iudicii
514 785 706 848 contraius
730 805 896 848 reservare
919 779 1065 847 deerevi'.
1179 798 1192 838 ⁵

94 868 140 931 40
238 870 422 955 Imperator
439 875 549 937 autem
567 870 619 936 his
637 872 734 936 rebus
753 873 832 937 visis
851 876 974 936 etcum
993 870 1166 954 diligentia

148 960 278 1025 intuitis
307 961 415 1044 coepit
438 983 492 1025 ess
516 960 622 1044 magis
646 982 684 1025 ao
706 961 813 1044 magis
835 981 970 1043 noscere
993 963 1027 1024 et
1050 958 1165 1023 exinde

148 1069 217 1112 rem
241 1051 368 1133 gestam
393 1048 434 1114 ad
457 1049 646 1113 memoriam
669 1070 821 1114 reuocare
843 1052 876 1113 et
898 1049 933 1112 in
956 1070 994 1113 eo
1017 1047 1165 1112 mulieris

149 1137 344 1219 sapientiam
368 1141 401 1202 et
422 1137 631 1202 nobilitatem
653 1137 687 1201 in
711 1139 820 1202 animo
840 1159 897 1202 suo
919 1137 1057 1202 multum
1081 1157 1167 1201 com·

148 1224 312 1290 mendara.
343 1224 388 1290 Et
405 1226 531 1290 irruens
549 1225 585 1290 in
602 1227 710 1310 ipsam
728 1227 931 1310 amplexatus
949 1228 982 1290 et
1000 1225 1167 1290 osculatus
1182 1242 1208 1280 10

150 1317 201 1378 est
228 1335 301 1379 earn
328 1314 452 1379 dicens:
493 1313 590 1379 ‘Vere
619 1315 787 1399 sanguinis
814 1315 970 1379 nobilitas
997 1313 1168 1398 praeclari,

121 1435 124 1439 ·
149 1400 189 1465 de
217 1423 280 1486 quo
310 1406 343 1467 te
370 1407 575 1486 procreatam
604 1425 672 1468 non
702 1403 902 1488 dubitamus,
931 1402 994 1467 tibi
1021 1401 1087 1466 tale
1115 1423 1168 1466 sa-

148 1490 292 1574 pientiae
322 1493 495 1557 consilium
522 1492 639 1557 indidit
665 1497 699 1557 et
725 1492 950 1556 nobilissimae
973 1490 1167 1556 honestatis

148 1577 218 1643 Nee
251 1579 321 1642 sine
354 1580 487 1644 deorum
520 1580 708 1644 sublimium
740 1580 955 1662 dispositione
986 1579 1063 1644 talis
1092 1599 1167 1643 con-

149 1667 278 1730 cubitus
303 1667 447 1732 accidere
468 1668 577 1750 potuit
599 1668 638 1732 do
662 1690 725 1752 quo
748 1669 826 1732 talis
849 1669 959 1752 proles
979 1670 1168 1733 nasceretur
1183 1683 1210 1724 1⁵

150 1757 184 1818 et
207 1759 397 1839 sequeretur
420 1756 621 1841 coniugium,
648 1757 734 1842 quod
760 1757 846 1822 inter
874 1757 979 1820 filium
1001 1777 1110 1820 meum
1134 1759 1168 1820 et

149 1843 358 1927 imperatoris
379 1845 465 1910 tanti
487 1845 590 1910 filiam
613 1848 664 1911 est
683 1848 900 1928 contractum;
924 1849 1056 1928 oportet
1079 1844 1167 1908 enim

149 1936 188 1996 ut
206 1933 293 2016 quod
310 1934 371 2050 diis
386 1934 633 2018 disponentibus
652 1934 775 2017 placuit
788 1935 887 1998 finem
901 1933 1167 2017 praeordinatum

151 2021 329 2087 sortiatur.

96 2105 139 2168 41
239 2109 284 2174 Et
303 2131 475 2175 conversus
495 2111 534 2174 ad
554 2108 804 2176 Constantinum
828 2111 911 2175 dixit
930 2111 973 2174 ei:
997 2109 1071 2186 ‘Qui
1090 2112 1168 2174 sunt
1182 2127 1210 2168 20

150 2196 187 2260 hi
214 2201 423 2282 mercatores,
451 2200 507 2282 qui
533 2203 661 2264 tantum
689 2200 814 2264 facinus
842 2201 878 2264 in
906 2198 1102 2284 vituperium
1134 2201 1168 2262 et

151 2285 330 2351 laesionem
357 2287 536 2370 imperialis
564 2288 748 2352 maiestatis
772 2288 973 2358 committere
1002 2309 1168 2371 praesum·

150 2379 299 2456 pserunt,
321 2379 359 2438 ut
382 2375 446 2439 sibi
469 2375 529 2440 sub
552 2379 621 2439 tam
642 2375 766 2442 nefario
791 2377 899 2442 colore
922 2377 1007 2440 tanti
1030 2376 1169 2458 impera·

24 2461 33 2478 ⁴
150 2461 231 2526 toris
259 2461 362 2526 filiam
389 2467 459 2526 tam
485 2463 630 2528 nobilem
657 2468 789 2549 tamque
822 2465 1025 2549 praeclaram
1057 2463 1170 2528 matri·

150 2549 336 2614 monialiter
372 2551 524 2634 copulare
558 2553 790 2636 procurarent?
845 2552 939 2636 Ipsos
977 2557 1014 2618 ut
1050 2552 1168 2636 dignos
1183 2569 1211 2610 2⁵

151 2637 313 2722 supplicio
351 2642 384 2703 et
421 2643 526 2706 morte
562 2641 753 2725 turpissima
795 2642 977 2708 damnando
1013 2663 1072 2724 per
1107 2641 1170 2704 im-

151 2727 308 2810 perialem
326 2731 474 2793 nostram
493 2731 689 2795 sententiam
708 2730 887 2796 iudicamus
904 2735 937 2795 et
955 2731 1042 2795 bona
1055 2751 1169 2794 eorum

151 2816 315 2898 quaelibet
329 2817 466 2881 mobilia
480 2823 513 2882 et
527 2819 710 2884 immobilia
724 2819 959 2885 confiscamus’.
990 2819 1035 2884 Et
1054 2818 1169 2882 statim

150 2903 285 2970 mittens
314 2905 417 2970 dictos
445 2910 641 2972 mercatores
669 2909 742 2993 capi
769 2909 936 2974 mandevit
965 2911 998 2972 et
1024 2907 1103 2972 fecit
1131 2927 1170 2970 ao

150 2991 236 3056 bona
263 2993 408 3076 ipsorum
436 2995 625 3061 confiscavit
652 3000 685 3061 et
711 2997 886 3062 confiscata
908 2997 1025 3064 omnia
1048 2999 1081 3060 et
1104 2995 1168 3058 sin·
1183 3014 1211 3054 so

151 3080 229 3163 gula
256 3080 400 3147 Helenae
429 3105 467 3148 uc
494 3082 709 3149 Constantino
736 3085 805 3151 filio
833 3107 891 3150 suo
920 3089 954 3150 et
981 3085 1050 3150 eius
1073 3083 1169 3148 uxori

150 3168 287 3234 tradidit
307 3169 528 3255 ‚integraliter
565 3176 598 3237 et
634 3173 776 3238 donavit.
821 3173 1019 3239 Mercatores
1057 3175 1168 3236 autem
1252 3207 1258 3215 ·

168 3393 174 3404 ·
222 3325 453 3380 4testimenium
470 3329 513 3395 D,
532 3329 732 3382 testamentum
751 3329 787 3382 F.
866 3329 956 3385 chiis
975 3323 1051 3384 codd.
1135 3334 1169 3382 14

152 3410 212 3448 eme
230 3398 342 3466 serpsi,
360 3397 435 3453 absit
452 3400 529 3454 codd.
617 3405 650 3453 18
669 3399 884 3469 disponentibus
903 3401 946 3468 D,
967 3399 1169 3468 omnipotenti-

150 3463 259 3590 pppdlr'.
328 3468 517 3526 21hiieoac.
586 3475 620 3524 23
639 3470 775 3539 nephario
790 3473 878 3527 codd..
935 3477 969 3526 26
989 3469 1168 3539 dampnando
