2552 4048
537 171 756 236 „gg-

494 351 581 442 cup.
613 349 803 420 xxxix.

228 488 433 574 Augustinus
462 487 555 572 Afer,
583 487 805 572 Hipponensis
836 485 948 570 oppidi
981 487 1174 570 episcopus,

139 579 189 642 vir
202 577 382 644 eruditione
397 577 507 641 divina
521 581 554 641 et
571 576 716 641 humana
729 575 801 641 orbi
814 575 930 659 clarus,
947 573 1010 639 fide
1023 574 1174 660 integer,
1269 571 1270 582 ’

139 668 209 732 vita
231 688 331 750 purus
350 666 488 749 scripsit,
512 669 635 749 quanta
656 686 717 729 nec
735 663 873 729 inveniri
895 665 1043 748 possunt.
1082 661 1170 738 Quis
1269 693 1270 744 p

104 755 227 820 senirn
250 755 408 839 glorietur
431 754 542 818 omnia
565 775 600 818 se
617 753 705 819 illius
723 751 866 817 habere?
889 755 946 816 aut
968 751 1042 836 quis
1065 753 1170 814 tanto
1269 747 1270 806 l

140 843 248 909 studio
272 844 369 928 legat,
392 846 514 927 quanto
537 843 595 907 ille
618 841 771 925 scripsit?
807 839 920 906 Edidit
942 841 1041 904 etiam
1065 860 1168 903 senex
1269 885 1270 894 c

139 953 220 1014 quos
254 932 379 996 iuvenis
412 934 563 1016 coeperat
595 929 645 994 ‘de
678 927 852 993 Trinitate’
884 928 986 994 libros
1018 926 1095 1006 XV,
1128 927 1168 990 in

140 1019 267 1104 quibus,
285 1023 324 1084 ut
342 1020 504 1102 scriptura
523 1019 578 1099 ait,
596 1018 799 1084 introductus
817 1017 853 1080 in
871 1017 1055 1082 cubiculum
1074 1015 1170 1100 regis

140 1111 174 1172 et
201 1107 370 1172 decoratus
397 1111 487 1172 veste
514 1106 695 1172 multifaria
722 1105 903 1190 sapientiae
924 1104 986 1168 Dei
1003 1103 1172 1191 :exhibuit
1269 1121 1270 1186 }

87 1213 120 1260 10
139 1195 308 1260 ecclesiam
334 1217 403 1260 non
425 1196 602 1260 habentem
624 1196 785 1260 maculam
807 1197 865 1258 aut
886 1214 1003 1279 rugam
1026 1195 1085 1256 aut
1107 1192 1168 1256 ali-
1269 1213 1270 1248 i

140 1283 217 1368 quid
232 1283 397 1348 eiusmodi.
425 1283 475 1348 De
489 1283 712 1348 incarnatione
721 1281 855 1348 Domini
869 1303 997 1367 quoque
1010 1281 1168 1346 idoneam
1269 1295 1270 1298 ’

140 1371 241 1437 edidit
275 1373 444 1456 pietatem,
480 1372 520 1436 de
554 1371 789 1437 resurrectione
824 1371 922 1435 etiam
958 1374 1168 1434 mortuorum
1269 1399 1270 1420 2

140 1459 238 1524 simili
261 1461 403 1525 cucurrit
425 1461 619 1544 sinceritate,
641 1461 718 1524 licet
740 1461 847 1524 minus
871 1458 1046 1542 capacibus
1071 1457 1169 1522 dubi·

140 1548 300 1612 tationem
323 1549 362 1612 de
385 1549 542 1613 abortivis
564 1548 687 1613 fecerit.

87 1782 121 1831 15
553 1761 635 1853 Cup.
667 1761 747 1833 XL.

124 1968 126 1974 ,
229 1897 363 1964 Orosius
390 1899 562 1983 presbyter
589 1898 733 1984 Hispani
760 1900 902 1984 generis,
933 1899 983 1964 vir
1012 1900 1170 1984 eloquen,
1269 1897 1270 1922 l

139 1985 285 2050 tissimus
322 1990 356 2050 et
390 1986 601 2052 historiarum
637 1987 801 2072 cognitor,
838 1989 970 2072 scripsit
1007 1987 1171 2053 adversus
1269 1991 1270 1998 ’

141 2074 292 2156 querulos
328 2071 509 2139 Christiani
548 2075 704 2159 nominis,
748 2077 804 2160 qui
846 2077 958 2142 dicunt
1000 2076 1171 2141 defectum
1269 2125 1270 2160 ἶ

139 2159 306 2226 Romanae
328 2162 524 2246 reipublicae
547 2161 671 2230 Christi
693 2164 843 2230 doctrina
866 2166 1030 2230 invectum
1060 2165 1169 2229 libros
1269 2147 1270 2240 i

86 2264 121 2313 20
140 2247 215 2332 VII,
227 2248 263 2312 in
277 2250 394 2332 quibus
407 2272 510 2333 paene
523 2252 625 2315 totius
634 2253 747 2316 mundi
760 2253 962 2318 calamitates
973 2257 1007 2318 et
1015 2253 1169 2317 miserias

141 2357 179 2398 ac
212 2337 373 2400 bellorum
404 2339 644 2421 inquietudines
679 2341 842 2423 replicans
880 2341 1025 2406 ostendit
1059 2342 1170 2426 magis
1269 2361 1270 2414 3

141 2422 336 2487 christianae
369 2425 592 2490 observantiae
626 2449 710 2511 esse,
745 2429 832 2514 quod
862 2433 979 2494 contra
1011 2430 1169 2495 meritum
1269 2479 1270 2512 p

141 2531 235 2572 suum
261 2532 313 2574 res
340 2510 491 2576 Romana
522 2513 649 2578 adhunc
681 2517 813 2580 duraret
844 2521 877 2582 et
904 2539 985 2601 pace
1018 2519 1169 2582 culturae
1269 2559 1270 2588 l

140 2594 203 2660 Dei
225 2601 377 2680 pacatum
394 2601 549 2666 retineret
566 2602 747 2687 imperium.
790 2603 875 2670 Sane
893 2605 929 2670 in
947 2606 1056 2689 primo
1080 2606 1168 2671 libro

48 2833 51 2837 ¹
213 2770 360 2826 2Bamb.:
379 2771 528 2842 Hipponae
546 2775 640 2844 regiae
747 2779 880 2834 5Bamb.
901 2782 931 2834 et
948 2779 1094 2836 Norimb.:
1114 2795 1169 2848 ego
1269 2787 1270 2834 ἶ

6 2859 8 2868 ·
142 2845 158 2892 6
176 2838 237 2894 Hoc
255 2841 318 2896 loco
339 2841 516 2914 Norimberg.
534 2846 605 2900 haec
623 2847 709 2902 verba
728 2849 822 2904 addit:
849 2850 923 2904 unde
943 2867 978 2904 ex
996 2850 1092 2904 multa
1111 2851 1169 2904 elo-

141 2909 384 2992 quentianaccidit
409 2914 485 2982 quod
510 2914 583 2970 dixit
609 2935 660 2986 per
684 2919 863 2974 Salomonem
889 2920 1012 2990 Spiritus
1037 2923 1168 2976 sanctusz

142 2994 177 3031 ex
189 2979 368 3048 multiloquio
382 2999 439 3038 non
453 2984 568 3054 effugies
582 2990 730 3056 peccatum
802 2991 914 3046 Bamb..
929 2991 1002 3058 iam;
1021 2991 1169 3046 Norimb.=
1269 2991 1270 3026 l

140 3047 236 3100 tamen
304 3051 408 3106 '1Alii2
428 3055 502 3120 quod
558 3062 591 3110 14
606 3057 683 3113 Vat:
703 3060 793 3128 egerit
846 3061 947 3116 Bamb.
966 3061 1094 3117 eliceret
1114 3065 1170 3117 hoc

141 3115 204 3197 loco
222 3118 319 3172 Bamb.
339 3121 432 3175 addit:
451 3125 606 3180 catholicus
624 3131 792 3197 permansit3
810 3131 953 3186 Norimb.:
972 3148 1052 3186 error
1070 3135 1171 3188 tamen
1269 3157 1270 3166 ¹

141 3185 218 3240 rlhus
236 3204 362 3243 sermone
380 3191 485 3260 multo,
502 3196 535 3246 ul
552 3196 623 3264 dixi,
643 3202 816 3270 contractus,
836 3203 917 3258 lucta
934 3202 1064 3258 hostiurn
1084 3220 1170 3273 exag-
1269 3187 1270 3278 i

141 3259 257 3324 gerstun
272 3259 392 3313 necdum
410 3260 516 3316 heresis
535 3268 728 3332 quaestionem
751 3271 876 3328 absolvit
969 3279 1003 3329 16
1024 3274 1171 3330 Norimb.:
1269 3291 1270 3332 l

141 3324 282 3408 Hispanus
301 3345 402 3412 genere
474 3337 509 3387 20
526 3333 638 3390 Bamb.:
657 3340 756 3395 mundi
772 3343 913 3413 tempora,
932 3344 1003 3411 cal.;
1023 3343 1169 3401 Norint:

142 3396 240 3449 mundi
257 3399 392 3467 temporis
411 3401 462 3456 cal.
536 3409 570 3456 22
589 3406 731 3465 Norimh.:
751 3412 956 3470 observationis
1269 3407 1270 3460 l
