2552 4048
565 263 783 327 -96-

166 403 249 486 cipio
280 401 357 466 libri
384 423 485 487 usque
514 403 556 466 ad
583 403 708 467 obitum
736 402 941 488 patriarchae
969 399 1124 466 Abrahae
1148 405 1187 465 et

166 494 233 556 tres
251 512 347 556 versu
366 490 466 556 edidit
483 490 585 556 libros
600 489 785 556 Christiano
805 490 934 576 quidem
953 493 986 555 et
1003 490 1058 574 pio
1075 511 1186 571 sensu,

167 579 223 644 sed
242 582 355 662 utpote
375 579 532 644 saeculari
549 580 732 645 litteratura
751 583 927 664 occupatus
944 577 1044 644 homo
1064 581 1098 642 et
1111 579 1187 642 nul·

166 667 230 732 lius
253 667 443 753 magisterio
466 667 501 732 in
523 667 640 733 divinis
661 668 829 752 scripturis
849 667 1058 750 exercitatus,
1082 667 1187 746 levio·

131 769 148 818 5
167 756 212 820 ris
235 755 385 840 ponderis
409 757 605 820 sententiam
627 756 787 842 figuravit
833 755 974 822 Moritur
996 753 1184 820 Theodosio

168 848 201 909 et
222 842 456 910 Valentiniano
479 845 701 931 regnantibus.

556 1060 637 1151 Cup.
666 1060 795 1132 LXII.

258 1211 435 1280 Cassianus
464 1213 595 1280 natione
624 1213 746 1299 Scytha
774 1212 1058 1300 Constantinopoli
1086 1237 1106 1280 a
1133 1214 1185 1280 Io·

169 1305 278 1369 hanne
300 1301 422 1388 Magno
447 1303 598 1388 episcopo
622 1303 777 1369 diaconus
802 1303 969 1368 ordinatus
993 1303 1078 1388 apud
1097 1303 1186 1368 Mas·

116 1408 149 1456 10
169 1393 278 1458 siliam
300 1392 473 1476 presbyter
495 1391 641 1456 condidit
664 1391 728 1457 duo
751 1393 963 1476 monasteria,
988 1392 1021 1456 id
1045 1396 1107 1475 est,
1138 1393 1187 1458 vi-

168 1503 279 1547 rorum
303 1502 341 1545 ao
363 1481 549 1564 mulierum,
572 1502 654 1565 quae
677 1502 778 1566 usque
801 1479 897 1546 hodie
917 1484 1054 1546 exstant.
1100 1478 1186 1546 Sori-

168 1571 235 1654 psit
263 1568 459 1651 experientia
487 1569 714 1654 magistrante,
747 1568 866 1633 librato
896 1591 1057 1654 sermone,
1086 1573 1120 1633 et
1148 1573 1187 1634 ut

169 1657 312 1741 apertius
350 1655 471 1739 dicam,
512 1679 609 1722 sensu
645 1657 745 1721 verba
780 1657 949 1723 inveniens
986 1662 1019 1722 et
1055 1658 1186 1724 actione

168 1747 319 1831 linguam
342 1767 476 1832 movens
499 1767 550 1809 res
574 1745 719 1810 omnium
738 1746 971 1812 monachorum
989 1746 1187 1830 professioni

117 1847 151 1896 15
170 1833 384 1917 necessarias,
407 1833 440 1898 id
464 1837 526 1899 est:
558 1832 608 1898 ‘de
631 1833 746 1899 habitu
769 1834 933 1899 monachi'
956 1838 989 1900 et
1012 1834 1062 1899 ‘de
1086 1855 1186 1900 cano-

168 1925 243 1988 nica
266 1921 423 1988 oratione'
448 1925 544 2007 atque
568 1921 779 2007 ‘psalmorum
802 1922 911 1988 modo'
936 1923 991 2009 qui
1012 1923 1048 1988 in
1071 1945 1186 1988 mona·

170 2012 276 2076 steriis
299 2009 442 2096 Aegypti
470 2011 521 2076 die
548 2014 710 2097 noctuque
733 2015 871 2093 tenetur,
894 2012 994 2076 libros
1019 2015 1185 2096 quattuor,

148 2098 434 2186 ’institutionum'
458 2100 577 2164 librum
603 2123 717 2184 unum,
741 2099 792 2165 ‘de
821 2100 945 2186 origine
973 2101 1185 2186 etqualitate

170 2210 208 2253 ae
237 2189 388 2253 remediis
417 2192 489 2254 octo
522 2189 750 2273 principalium
777 2188 943 2254 vitiorum'
966 2190 1067 2254 libros
1092 2189 1187 2274 VlII,

116 2291 151 2339 20
171 2277 317 2362 singulas
352 2277 475 2342 scilieet
508 2277 547 2341 de
578 2277 718 2362 singulis
745 2277 832 2342 vitiis
862 2278 962 2343 libros
995 2278 1186 2360 expediens3

170 2365 306 2449 digessit
329 2366 428 2430 etiam
452 2364 655 2430 ‘collationes
675 2388 748 2430 oum
766 2366 915 2449 patribus
930 2366 1103 2451 Aegyptiis
1127 2366 1186 2431 ha-

169 2452 278 2536 bitas’‚
300 2453 363 2517 hoo
391 2456 454 2535 est,
477 2453 528 2518 ‘de
552 2453 767 2520 destinatione
791 2455 942 2520 monachi
965 2477 1002 2520 ao
1024 2453 1109 2537 fide',
1133 2454 1185 2520 ‘de

169 2539 384 2624 discretione'‚
408 2540 463 2606 ‘de
491 2542 596 2608 tribus
624 2544 666 2608 ad
689 2543 890 2609 serviendum
912 2543 982 2610 Deo
1006 2545 1183 2610 vocationi-

169 2627 253 2713 bus',
276 2627 327 2693 ‘de
354 2650 466 2716 pugna
493 2631 597 2696 earnis
629 2631 799 2698 adversum
822 2633 971 2716 spiritum
994 2635 1027 2696 et
1050 2633 1184 2716 spiritus

116 2730 151 2778 25
171 2717 323 2783 adversus
351 2718 503 2804 carnem',
532 2719 583 2784 ‘de
611 2724 729 2785 natura
757 2722 903 2786 omnium
931 2719 1106 2806 vitiorum',
1135 2720 1185 2785 ‘de

170 2828 248 2872 nece
272 2807 479 2890 sanctorum',
504 2807 554 2873 ‘de
577 2810 759 2874 mobilitate
783 2809 930 2890 animae’‚
954 2808 1004 2874 ‘de
1022 2810 1184 2893 principa-

169 2895 277 2978 libus',
301 2895 351 2959 ‘de
379 2897 535 2980 qualitate
563 2897 741 2980 orationis’‚
765 2897 814 2962 ‘de
841 2897 978 2984 iugitate
1007 2897 1184 2980 orationis’,

171 2981 221 3046 ‘de
249 2983 421 3068 perfectis’,
445 2984 495 3049 ‘de
524 2985 693 3069 castitate',
717 2985 768 3050 ‘de
795 2987 995 3072 protectione
1025 2985 1110 3066 Dei’,
1134 2987 1182 3050 ‘de

171 3071 306 3135 seientia
334 3072 494 3155 spiritali,
518 3073 568 3138 ‘de
592 3075 709 3139 divinis
739 3075 1008 3156 charismatibus',
1031 3073 1083 3140 ‘de
1108 3076 1183 3139 ami-

117 3178 152 3227 30
171 3157 268 3243 citia',
296 3158 346 3222 ‘de
378 3159 556 3225 definiendo
590 3164 641 3227 vel
672 3185 740 3228 non
768 3163 970 3248 definiendo',
999 3163 1048 3228 ‘de
1078 3165 1183 3228 tribus

173 3247 315 3332 antiquis
331 3248 503 3332 generibus
517 3251 751 3316 monachorum
766 3256 798 3317 et
808 3257 924 3338 quarto
938 3273 1041 3334 nuper
1051 3251 1185 3334 exorto',

242 3446 258 3494 8
277 3438 374 3495 Bamb.
396 3431 424 3494 e't
441 3439 535 3495 Bam:
559 3443 642 3496 natus
661 3443 743 3498 Serta
827 3449 858 3498 17
878 3443 972 3498 Bern:
996 3443 1031 3498 de
1050 3445 1185 3500 canonico

171 3509 328 3564 orationum
345 3511 429 3565 modo
448 3515 533 3582 atque
547 3513 732 3584 psalmorum,
747 3514 795 3584 qui
808 3557 814 3570 .
829 3558 851 3571 ..
867 3517 978 3570 tenetur
