2552 4048
521 291 719 354 ..7-

111 449 361 532 praemiserunt.
392 449 575 532 Imperator
595 453 704 515 autem
724 450 892 516 intellecto
912 452 1057 534 ipsorum
1076 453 1132 517 ad·

16 541 17 546 ’
111 541 211 602 ventu
235 559 291 601 eos
313 536 490 604 honorifice
513 539 637 623 recepit
660 542 693 604 et
715 543 893 604 convocata
912 540 1073 605 nobilium
1097 545 1153 622 et·

111 629 304 710 magnatum
328 627 379 690 sui
402 627 530 710 imperii
554 627 762 692 multitudine
782 628 829 692 eis
853 627 1002 693 convivia
1025 633 1058 694 et
1081 651 1130 694 sc-

111 715 198 779 lacia
224 714 354 780 infinita
380 716 568 798 praeparari
595 715 763 781 mandavit
786 721 819 780 et
845 716 932 781 feeit.
975 715 1131 801 Sequenti

85 818 190 867 evoro
210 802 262 867 die
285 803 380 886 impii
398 807 594 868 mercatores
614 803 821 887 imperatoris
839 805 1059 889 praesentiam
1079 827 1131 870 ac·

112 892 262 956 cedentes
294 891 357 956 sibi
386 893 557 956 confictam
592 893 754 958 malitiam
787 915 880 957 suam
913 899 1130 977 exposuerunt

111 979 271 1045 dicentes:
304 979 343 1045 ‘0
370 980 562 1064 imperator,
594 980 744 1046 dominus
771 984 882 1046 noster
908 981 1130 1048 Romanorum

111 1069 291 1151 imperator
321 1070 443 1133 nostris
476 1069 651 1154 praecipue
683 1074 716 1134 et
748 1069 887 1135 aliorum
918 1071 1049 1155 imperii
1079 1071 1129 1135 sui

13 1171 14 1186 ¹
111 1156 273 1240 fidelium,
301 1159 356 1241 qui
382 1179 497 1241 pacem
524 1159 665 1244 diligunt
694 1180 731 1223 ao
760 1163 883 1222 terram
905 1163 938 1223 et
961 1159 1130 1224 hominum

74 1261 98 1299 1⁰
112 1245 284 1310 commoda
304 1250 555 1330 prosequuntur,
573 1247 716 1312 consiliis
735 1247 865 1312 illectus
885 1251 918 1312 et
931 1249 1037 1312 victus
1051 1247 1129 1312 fina-

13 1355 14 1376 1
111 1333 189 1399 liter
206 1335 320 1399 multis
343 1335 495 1418 precibus
514 1335 684 1400 nobiseum
706 1357 820 1419 pacem
843 1336 949 1401 faeere
971 1336 1129 1419 cogitavit

12 1440 13 1500 l
112 1425 145 1486 et
167 1425 206 1486 ut
229 1426 386 1506 perpetuo
410 1424 528 1489 robore
551 1423 707 1489 solidetur
729 1424 833 1488 filium
857 1445 950 1488 suum
970 1421 1129 1488 Constan-

12 1541 13 1548 κ
110 1511 217 1574 tinum
244 1510 332 1575 filiae
360 1516 486 1576 vestrae
509 1512 624 1576 unicae
652 1513 687 1576 in
709 1511 954 1577 matrimonium
978 1511 1129 1596 copulare

111 1598 275 1682 disposuit
294 1603 326 1663 et
344 1604 381 1664 ut
403 1600 467 1683 ipsi
490 1601 612 1684 pariter
632 1601 740 1685 vobis,
764 1621 836 1666 cum
854 1600 1005 1665 heredem
1028 1601 1129 1665 alium

73 1704 97 1743 1⁵
110 1709 178 1752 non
209 1687 373 1772 habeatis,
405 1689 440 1752 in
467 1687 663 1754 Graecorum
692 1693 724 1753 et
752 1690 816 1754 sibi
843 1689 878 1754 in
907 1689 1129 1754 Romanorum

110 1776 259 1860 imperiis
274 1777 444 1842 succedere
462 1779 589 1860 possint
606 1781 835 1860 postmortem
851 1783 992 1842 vestram
1006 1787 1129 1842 vestro-

110 1887 248 1948 rumque
272 1869 305 1930 et
327 1866 398 1948 ipse
422 1861 655 1931 Constantinus
678 1887 752 1954 eum
776 1865 912 1950 coniuge
938 1887 997 1929 sua
1019 1867 1129 1929 vestra

109 1953 182 2016 filia
209 1953 378 2038 utriusque
406 1953 536 2037 imperii
563 1953 739 2018 monarcha
765 1953 825 2018 fiat
852 1956 886 2018 et
912 1953 976 2018 toti
1000 1954 1128 2018 saeculo

112 2041 318 2106 dominetur'.
964 2049 967 2056 '

71 2147 97 2186 ²⁰
200 2129 384 2214 Imperator
396 2151 474 2195 vero
493 2130 532 2195 do
553 2151 588 2194 re
606 2133 674 2194 tam
692 2130 809 2216 grandi
823 2130 1023 2214 stupefactus
1042 2130 1128 2195 inter
1141 2127 1182 2190 10

112 2241 146 2283 se
171 2219 315 2304 cogitare
338 2220 445 2303 coepit
472 2219 610 2304 qualiter
633 2219 674 2282 ad
701 2219 886 2284 huiusmodi
909 2219 1127 2301 responderet.

112 2306 260 2372 Tandem
283 2308 468 2373 convocatis
495 2307 696 2392 principibus
720 2308 787 2372 suis
812 2310 844 2371 et
867 2307 1031 2371 nobilibus
1056 2329 1128 2371 eum

112 2397 159 2460 eis
183 2395 354 2479 superbis
378 2395 595 2461 ministerium
625 2395 753 2460 consilii
776 2395 827 2460 sui
853 2395 971 2461 habuit
993 2398 1026 2459 et
1047 2394 1127 2460 fina-

111 2485 189 2549 liter
212 2485 403 2550 deliberatio
423 2485 567 2549 omnium
590 2484 626 2547 in
648 2483 710 2549 hoc
729 2484 849 2549 resedit
869 2483 956 2568 quod
979 2484 1049 2570 ipsc
1068 2484 1127 2548 im·

71 2589 97 2629 2⁵
111 2575 245 2657 perator
267 2571 465 2638 Graecorum
489 2571 623 2636 attentis
645 2577 820 2656 perpetuae
841 2574 930 2656 pacis
949 2571 1126 2637 commodis

110 2666 264 2744 prompte
286 2661 407 2726 faceret
430 2661 516 2746 quod
539 2659 604 2725 sibi
627 2659 706 2724 adeo
726 2659 905 2725 liberaliter
924 2660 1128 2724 offerebatur.

111 2749 174 2814 His
198 2751 338 2832 peractis
362 2751 540 2833 imperator
562 2748 687 2813 vocatis
707 2748 748 2811 ad
768 2769 801 2812 se
825 2748 919 2812 dictis
939 2748 1127 2812 mercatori-

111 2839 173 2902 bus
197 2837 280 2902 dixit
302 2839 363 2902 eis:
392 2835 523 2902 ‘Omnia
546 2859 627 2922 quae
649 2836 829 2918 imperator
851 2835 1017 2912 Romanus
1041 2836 1127 2920 cogi-

111 2927 195 2990 tavit
223 2926 352 3010 explere
378 2927 470 2990 iuxta
496 2925 688 2990 relationem
716 2929 861 2989 vestram
883 2924 992 3008 parati
1016 2945 1126 2988 sumus

72 3029 99 3070 ⁸0
113 3017 146 3078 et
173 3014 214 3078 ad
240 3019 431 3098 perpetuam
459 3035 572 3098 pacem
595 3035 705 3078 seeum
733 3011 916 3076 faciendam
940 3015 973 3076 et
996 3033 1127 3078 servan·

112 3103 188 3166 dam
210 3101 312 3166 filiam
330 3107 477 3168 nostram
500 3102 628 3166 unicam
651 3101 719 3165 filio
744 3123 801 3165 suo
822 3097 1037 3166 Constantino
1061 3123 1128 3165 ma·

111 3191 343 3255 trimonialiter
362 3191 513 3273 copulare
532 3191 681 3255 volumus
706 3189 746 3254 ad
770 3211 899 3254 omnem
922 3190 1072 3254 effectum
1090 3193 1127 3254 ut

184 3424 201 3472 4
219 3417 381 3488 praeparari
395 3431 445 3471 om.
459 3416 495 3472 F.
569 3423 602 3472 21
618 3417 655 3471 ad
670 3416 832 3471 huiusmodi
850 3417 921 3471 idem
938 3415 1077 3484 siqnidcot
1095 3431 1128 3469 ao

112 3488 150 3540 ad
167 3487 330 3542 huiusmodi
352 3504 409 3554 res3
433 3489 595 3542 vocabalum
618 3505 661 3540 res
681 3494 745 3557 post
767 3490 832 3542 baec
850 3488 913 3555 ipso
930 3486 1012 3540 verba
1029 3487 1061 3540 in
1078 3485 1129 3540 boo

114 3559 202 3614 libello
221 3559 311 3614 omini
327 3559 400 3613 solet.
473 3563 507 3613 23
526 3557 581 3612 hiis
601 3559 677 3614 codd.
