2546 4036
576 283 791 348 ..20-

176 423 754 512 abutitur30tcmninograndis'1n
770 427 908 510 utraque
928 421 1182 488 similitudot
1132 427 1194 488 est.

176 514 294 580 Fertor
312 518 345 578 et
362 513 503 580 secunda
521 535 561 579 ex
579 514 647 580 eius
670 513 803 580 nomine
817 511 970 598 epistula)
991 533 1075 596 quae
1099 533 1131 576 a
1142 532 1196 576 vc·

176 603 300 680 boribus
333 603 539 688 reprobatur,
572 606 606 668 et
636 601 813 686 disputatio
844 599 936 666 Petri
966 603 1000 664 at
1030 599 1199 684 Appianis

177 693 276 777 longo
304 711 451 758 sermone
479 691 679 776 conscripta,
711 712 808 775 quam
831 688 1036 754 Eusebius
1026 711 1061 752 m
1094 689 1196 754 tertio

143 780 415 846 eccelesiastioaa
437 779 592 845 historiae
614 779 779 844 volumine
793 777 949 864 coarguit
981 775 1080 842 Obiit·
1093 777 1197 843 tertio

178 867 310 934 Traiani
333 889 431 952 anno,
454 871 488 933 et
509 868 653 933 nominis
676 867 745 932 eius
766 867 956 933 memoriam
975 886 1079 951 usque
1097 865 1198 932 hodie

178 956 301 1022 Romae
325 960 489 1023 exstructa
511 957 647 1023 ecclesia
670 955 821 1050 custodit.

581 1137 663 1228 Gap.
695 1133 800 1209 XVI.

267 1273 429 1358 Ignatius,
456 1273 681 1340 Antiochense
709 1274 863 1340 ecclesiae
890 1274 1007 1338 tertius
1035 1277 1114 1356 post
1138 1272 1195 1338 Pe·

127 1381 160 1430 10
178 1369 265 1428 trum
285 1362 469 1446 apostolum
492 1362 673 1446 episcopus,
691 1363 949 1446 persecutionem
970 1365 1197 1428 commovente

180 1451 321 1516 Traiano
349 1451 521 1517 damnatus
549 1451 591 1516 ad
618 1451 741 1518 bestias
768 1451 909 1518 Romam
936 1451 1065 1516 vinctus
1094 1451 1198 1516 mitti-

179 1545 241 1605 tur.
287 1537 433 1624 (irimque
455 1539 616 1625 navigans
638 1538 816 1624 Smyrnam
837 1540 995 1621 venisset,
1018 1539 1075 1603 ubi
1098 1537 1197 1623 Poly-

180 1650 306 1712 carpus,
329 1627 458 1693 auditor
470 1627 636 1710 Iohannis,
658 1629 831 1713 episcopus
845 1632 927 1712 erat,
946 1626 1078 1711 scripsit
1096 1649 1198 1692 unam
1266 1645 1267 1650 ’

180 1717 354 1801 epistulam
378 1715 419 1780 ad
441 1713 618 1800 Ephesios,
641 1717 778 1782 alteram
802 1717 842 1782 ad
864 1715 1109 1801 Magnesianos,
1124 1723 1198 1781 ,tar-

128 1807 259 1870 letiam
292 1804 333 1868 ad
359 1803 557 1888 trallenses,
589 1808 741 1889 quartam
773 1805 813 1869 ad
841 1805 1022 1889 Romanos,
1055 1807 1090 1868 et
1121 1805 1197 1870 inde

175 1893 349 1980 'egrediens
387 1892 517 1976 scripsit
553 1893 594 1958 ad
631 1893 899 1977 Philadelphinos
937 1898 970 1957 et
1006 1893 1047 1958 ad
1085 1892 1197 1978 Smyr-

181 2004 279 2048 naeos
316 1986 349 2046 et
380 1982 510 2065 proprie
543 1983 584 2046 ad
615 1981 844 2066 Polycarpum,
880 1980 1111 2046 commendans
1150 1982 1198 2046 illi

181 2070 435 2136 Antiochensem
458 2071 642 2156 ecclesiam,
665 2072 700 2136 in
723 2093 787 2156 qua
811 2073 844 2135 et
862 2071 901 2135 de
916 2092 999 2135 eran
1023 2070 1097 2154 elio,
1111 2071 1199 2155 quod

181 2179 285 2242 nuper
306 2181 326 2222 a
348 2179 399 2223 me
422 2157 693 2230 translatumt
643 2163 693 2224 est
696 2181 826 2245 ,super
839 2180 979 2244 persona
993 2090 1118 2226 (lhrisei
1142 2181 1198 2244 po·

128 2265 163 2313 20
181 2249 233 2312 nit
254 2248 329 2312 test
320 2247 478 2312 imonium
501 2245 659 2312 dicens.
661 2268 721 2333 ego
737 2269 813 2312 vero
831 2252 908 2334 post
926 2248 1199 2313 resurrectionem

47 2387 50 2394 .
181 2336 216 2401 in
240 2357 335 2401 carne
359 2357 433 2399 eum
454 2335 522 2399 vidi
545 2338 578 2399 et
601 2335 704 2421 credo,
723 2337 799 2421 quia
818 2335 926 2424 sit’3e
909 2337 1092 2422 qetuando
1107 2338 1199 2402 venit

182 2425 223 2489 ad
245 2424 306 2488 Pet
292 2427 379 2488 trum
403 2426 436 2487 et
459 2421 500 2486 ad
523 2445 578 2488 eos
602 2425 658 2509 qui
681 2446 753 2489 cum
776 2423 837 2490 Pet
822 2429 874 2490 tro
899 2427 1005 2510 erant,
1030 2424 1114 2489 dixit
1138 2427 1199 2491 eis:
1265 2419 1266 2460 ³

182 2513 266 2578 eece
288 2513 419 2596 palpata
442 2533 494 2576 me
518 2515 551 2577 et
564 2513 670 2577 videte
693 2535 744 2577 me
749 2513 857 2598 ,quia
880 2535 948 2579 non
973 2535 1044 2578 sum
1069 2513 1200 2580 daemo-

181 2602 272 2666 nium
295 2599 519 2684 incorporale’.
564 2599 683 2666 Etsta
648 2603 745 2666 tatim
773 2603 954 2688 tetigerunt
976 2623 1050 2667 eum
1075 2609 1109 2667 et
1134 2625 1200 2668 cre-

128 2706 162 2756 25
183 2690 342 2756 diderunt.

272 2777 417 2864 Dignum
445 2781 553 2843 autem
580 2777 717 2864 videtur,
747 2779 823 2863 quia
852 2780 938 2844 tanti
968 2779 1030 2843 viri
1060 2779 1200 2848 fecimus

185 2868 399 2952 mentionem,
432 2870 465 2932 et
496 2869 535 2933 de
568 2867 707 2951 epistula
739 2869 808 2932 eius
840 2879 938 2953 qu'am
966 2867 1008 2933 ad
1029 2865 1201 2934 Romanos

184 2957 316 3039 scripsit
351 2978 454 3040 pauca
485 2976 620 3041 ponere:
653 2955 709 3020 ‘de
737 2953 832 3040 Syria
859 2977 962 3040 usque
994 2955 1034 3020 ad
1058 2956 1201 3023 Romam

185 3065 296 3129 pugno
325 3046 365 3108 ad
392 3045 514 3109 bestias
541 3045 577 3108 in
598 3045 682 3108 mari
711 3049 744 3108 et
771 3045 930 3130 interra,
957 3047 1052 3110 nocte
1078 3048 1111 3109 et
1138 3045 1199 3132 die,

131 3133 305 3218 religatus
336 3153 409 3197 cum
437 3133 546 3197 decem
568 3132 747 3216 leopardis,
774 3132 837 3198 hoc
861 3136 924 3212 est,
947 3133 1121 3219 militibus,
1146 3135 1201 3220 qui

183 3243 235 3286 me
268 3221 467 3305 custodiunt,
502 3220 619 3306 quibus
652 3225 686 3284 et
718 3243 791 3286 cum
823 3183 1034 3306 benefeceris,
1067 3223 1200 3306 peiores

169 3311 274 3382 fiunt
319 3307 480 3393 Iniquitas
509 3331 551 3373 au
551 3311 619 3372 tem
648 3329 760 3374 eorum
782 3331 855 3374 mea
878 3309 1026 3375 doctrina
1049 3315 1116 3395 ast,
1146 3312 1201 3377 sed
1264 3311 1265 3392 ᾗ

182 3420 250 3464 non
280 3397 440 3464 idcireo
430 3400 497 3462 1ust
482 3397 623 3462 tificatus
655 3418 736 3463 sum.
790 3397 926 3464 Utinam
960 3398 1051 3464 fruar
1084 3361 1200 3466 blestiis
1264 3371 1265 3488 l

254 3542 287 3591 16
305 3535 445 3592 Norimb.·
439 3535 501 3591 ·ad
519 3535 752 3608 Philadelphenos
