2546 4036
498 210 715 275 „39-

90 349 185 434 illud,
211 349 264 434 ,de
298 350 473 426 immortali
504 351 639 436 ingenio
672 351 741 416 eius
766 372 841 416 non
871 355 997 436 tacens,
1029 351 1114 436 quod

6 429 7 480 l
91 439 314 522 dialecticam,
340 438 594 522 arithmeticam,
617 440 788 523 musicam,
811 440 1061 524 grammaticam,
1080 445 1117 506 ct

6 557 7 610 j
92 527 292 592 rhetoricam
307 527 514 611 omniumque
528 527 798 614 philosophorum
813 532 918 593 sectas
931 529 979 593 ita
994 527 1115 612 didicit,

6 629 7 698 ξ
93 619 130 679 ut
153 615 318 680 studiosos
342 637 469 700 quoque
498 615 710 680 saecularium
733 617 916 682 litterarum
940 620 1114 682 sectatores

6 727 7 734 ¹
94 704 244 772 haberet
257 707 290 768 et
303 703 631 787 interpretaretureis
644 705 793 789 cottidie,
803 742 806 790 2
816 726 1054 789 concursusque
1074 704 1114 768 ad
1133 720 1150 768 n

6 789 8 840 l
94 814 168 859 eum
180 793 265 859 mire
283 791 405 860 fierent
440 791 529 868 Quos
542 793 597 858 ille
611 793 984 878 propterearecipiebat,
1002 797 1040 866 ut
1054 793 1114 858 rub

94 881 270 948 occasione
284 879 458 947 saecularis
472 881 677 948 litteraturae
691 879 936 952 antechristi
950 885 1116 949 statueret.

94 967 351 1036 Devcrudelitate
365 972 474 1038 autem
487 969 734 1053 persecutionis,
747 991 831 1054 quae
844 968 1116 1040 adversumOhri
1159 1018 1170 1039 ψ.

93 1057 221 1123 stianos
237 1058 310 1122 ¹sub
326 1055 434 1124 ‘Decio
458 1058 664 1126 consurrexit
691 1079 729 1124 co
743 1059 839 1142 aqucd
862 1059 898 1126 in
917 1058 1120 1142 religionem

95 1145 240 1229 Philippi
263 1145 455 1230 desaeviret,
483 1167 578 1229 quem
600 1146 821 1230 interfecerat,
844 1147 1117 1230 superfluumrest
1134 1163 1170 1212 rc

93 1233 216 1316 dicere,
245 1255 319 1302 eum
346 1233 649 1318 etiamFahianus,
676 1233 844 1305 Romanae
868 1236 1023 1302 xecclesiae
1051 1236 1116 1318 epi-

93 1344 213 1406 scopus
241 1323 279 1388 in
297 1323 388 1406 ipsa.
411 1323 610 1406 occubuerit,
642 1325 675 1388 et
697 1321 882 1392 Anxates
909 1328 943 1389 et
959 1323 1120 1407 Babylas,

94 1409 406 1495 Hierosolymorum·
420 1416 455 1477 et
466 1410 690 1480 Antiochense
709 1413 866 1480 ecclesiae
881 1411 1062 1495 pontifices,
1077 1410 1118 1478 ,in
1188 1483 1189 1488 γ

93 1520 222 1566 waere
251 1499 536 1582 proconisssione
560 1499 771 1568 dormierint,
804 1499 850 1566 Ec
872 1502 900 1566 si
922 1501 1002 1584 quis]
1016 1521 1122 1584 super:
1236 1507 1237 1510 ’

94 1587 476 1672 Origenisrstatuscire
506 1588 647 1656 voluerit
673 1586 752 1672 quid
771 1591 890 1657 {actum
923 1589 979 1672 sit,
1009 1589 1119 1671 primo
1136 1605 1170 1653 15

95 1676 227 1760 quidem
250 1674 289 1740 de
313 1676 458 1760 epistulis
482 1678 568 1760 eius,
591 1698 672 1760 quae
695 1680 771 1761 post
792 1677 1051 1761 persecutionem
1075 1676 1116 1740 ad

95 1764 243 1830 diversos
281 1763 400 1829 missae
433 1769 522 1848 sunt,
558 1764 673 1853 deinde
711 1768 744 1830 et
780 1764 819 1830 de
856 1768 948 1832 sexto
980 1763 1117 1830 Eusebii

100 1851 323 1918 Caesariensis
346 1853 584 1921 ecclesiasticae¹
599 1852 754 1917 historiae
772 1853 855 1922 libro
875 1857 908 1918 et
925 1875 984 1936 pro
1004 1852 1117 1918 ecdem

94 1939 240 2026 Origene
264 1961 321 2004 sex
343 1941 562 2008 voluminibus
586 1941 692 2026 possit
713 1941 836 2026 liquido
860 1961 1064 2026 cognoscere.

186 2027 280 2094 Vixit
298 2051 399 2114 usque
419 2030 459 2094 ad
480 2027 611 2094 Gallum
631 2031 664 2094 et
681 2025 906 2114 Volusianum,
929 2028 1039 2112 idest,
1061 2050 1113 2092 us·
1134 2046 1170 2094 ac

95 2139 158 2202 que
193 2117 235 2182 ad
262 2115 368 2182 LXIX
396 2119 513 2183 aetatis
546 2137 624 2182 suae
657 2139 791 2196 annum,
825 2121 857 2183 et
891 2121 1038 2184 mortuus
1067 2120 1117 2182 est

95 2205 189 2298 Tyri,
212 2206 248 2272 in
273 2228 336 2292 qua
358 2207 437 2271 urbe
461 2211 494 2271 et
517 2205 663 2290 sepultus
687 2209 745 2272 est.

519 2405 601 2495 Cap.
629 2403 709 2476 LV.

188 2541 392 2626 Ammonius,
410 2541 460 2606 vir
478 2541 618 2620 disertus
638 2545 671 2606 et
687 2541 782 2608 valde
801 2542 945 2608 eruditus
964 2542 999 2606 in
1016 2541 1119 2626 philo·

97 2630 227 2715 sophia,
242 2630 355 2700 eodem
376 2632 520 2713 tempore
539 2629 753 2700 Alexandriae
776 2631 881 2699 clarus
896 2629 1035 2699 'habitus
1059 2631 1118 2694 est.
1137 2649 1172 2696 ao

98 2717 161 2795 Qui
189 2719 278 2783 inter
304 2718 407 2787 multa
434 2718 558 2803 ingenii
585 2719 636 2787 sui
656 2724 691 2784 et
718 2719 885 2803 praeclara
907 2720 1118 2788 monumenta

97 2807 199 2876 etiam
219 2807 258 2871 de
277 2807 491 2875 consonantia
508 2804 617 2890 Moysi
638 2811 671 2871 et
689 2807 762 2872 Iesu
782 2829 862 2890 opus
881 2807 1014 2892 elegans
1034 2826 1118 2876 com,

97 2895 212 2980 posuit
235 2899 270 2960 et
288 2895 493 2980 evangelicos
513 2915 653 2964 canones
678 2895 882 2980 excogitavit,
906 2916 987 2980 quos
1005 2897 1119 2978 postea

99 2988 232 3050 secutus
256 2987 306 3049 est
324 2983 486 3049 Eusebius
506 2981 733 3050 Caesariensis.
769 2981 865 3048 Hunc
883 2983 968 3048 falso
988 2984 1120 3048 accusat

97 3071 317 3156 Porphyrius,
344 3072 429 3156 quod
457 3093 496 3135 ex
519 3069 704 3138 Christiano
733 3072 881 3138 ethnicus
904 3071 1016 3156 fuerit,
1036 3093 1118 3148 ,cum
1139 3091 1175 3141 30

171 3252 188 3300 2
204 3245 304 3300 Bamb.
320 3247 349 3300 et
363 3245 503 3301 Norimb.:
523 3243 702 3302 ffialecticam
716 3262 826 3316 quoque
845 3247 875 3300 et
888 3245 1074 3316 geometriam
1092 3245 1122 3298 et

102 3323 117 3371 6
134 3315 228 3372 Bamb
243 3338 250 3370 ε
269 3316 368 3372 fierent
386 3315 510 3384 mirifici,
528 3315 670 3374 Norint:
689 3317 805 3372 mirifice
819 3316 918 3372 fierent
974 3321 988 3370 7
1008 3313 1121 3368 Bamb.=

101 3387 203 3442 infide
224 3383 330 3442 Christi
347 3403 396 3442 eos
409 3387 572 3455 instruerets
591 3387 685 3444 Besa:
700 3386 859 3442 institueret
932 3391 964 3438 15
983 3383 1032 3438 el:
1051 3382 1123 3438 velit

102 3455 201 3514 Bamb.
222 3459 252 3512 et
270 3456 410 3512 Norimb.r
429 3457 552 3528 primum
