2552 4048
478 276 695 339 ..73-

165 413 295 482 Olaruit
307 416 394 481 inter
406 419 538 482 nostros
556 416 698 500 primurn
713 414 844 482 Africae
858 367 990 480 et-inter
1009 435 1095 498 suos,

83 505 196 590 idest,
219 503 428 571 Donatianos
452 505 519 569 sive
542 503 745 590 Montenses,
768 507 882 589 postea
904 503 1036 568 Romae.

510 721 591 814 (lup.
614 719 675 794 VI.

163 857 364 924 Heliodorus
392 859 561 944 presbyter
592 859 724 944 scripsit
752 858 871 924 librum
895 857 946 922 ‘de
968 857 1094 922 naturis

19 981 20 988 κ
85 969 186 1012 rerum
212 945 447 1030 exordialium',
475 948 510 1012 in
539 969 603 1032 quo
626 947 767 1013 ostendit
789 969 890 1012 unum
915 967 985 1015 esse
1007 946 1094 1030 prin·
1131 960 1148 1010 5

19 1089 20 1094 ,
85 1035 198 1120 cipium
228 1057 287 1101 nec
317 1036 488 1120 quicquam
512 1057 666 1102 coaevum
688 1034 772 1119 Deo,
799 1057 860 1102 nec
887 1035 966 1100 mali
989 1033 1096 1100 condi·

19 1125 20 1128 ’
84 1128 181 1189 torem
202 1123 327 1208 Deum,
350 1124 406 1189 scd
428 1124 476 1189 ita
498 1123 656 1190 bonorum
676 1125 820 1190 omnium
844 1127 1036 1207 creatorem,
1059 1125 1097 1188 ut

84 1213 230 1296 materia,
254 1234 336 1296 quae
354 1213 396 1278 ad
414 1213 537 1278 malum
555 1235 649 1278 uersa
668 1216 730 1297 est,
749 1215 825 1298 post
842 1212 1009 1278 inventam
1028 1233 1094 1276 ma-

83 1302 180 1367 litiam
201 1323 224 1366 a
237 1300 308 1368 Deo
327 1301 416 1366 facta
434 1301 493 1386 sit,
515 1301 766 1387 necquicquam
786 1301 1003 1366 materialium
1022 1301 1095 1364 abs-

84 1411 138 1474 que
160 1389 235 1456 Deo
268 1389 417 1456 credatur
448 1391 613 1456 conditum
643 1411 702 1454 neo
729 1390 830 1454 fuisse
858 1389 956 1454 alium
986 1410 1094 1452 rerum
1114 1403 1148 1452 10

84 1481 258 1543 creatorem
289 1481 418 1563 praeter
444 1478 564 1562 Deum,
596 1479 651 1562 qui
684 1477 897 1561 praescientia
929 1498 989 1542 sua
1021 1497 1095 1540 cum

83 1567 281 1650 praevideret
303 1567 403 1630 morti
426 1567 497 1633 dari
518 1569 681 1651 naturam,
699 1565 903 1650 praemonuit
922 1564 961 1630 de
979 1587 1094 1648 poena.

496 1799 578 1890 Gap.
601 1799 685 1870 VII.

19 2005 20 2022 ξ
168 1937 366 2003 Pachomius
395 1937 590 2018 monachae,
613 1936 663 2000 vir
681 1939 749 2000 tam
767 1937 803 2000 in
822 1936 974 2019 docendo,
998 1957 1095 2020 quam

19 2023 20 2080 J
84 2025 116 2090 in
139 2026 236 2112 signa
258 2025 408 2092 faciendo
433 2025 630 2110 apostolicae
654 2025 778 2108 gratiae
800 2027 832 2088 ct
854 2023 1008 2089 fundator
1031 2023 1147 2087 Ae-15

19 2123 20 2132 ’
86 2115 172 2199 gypti
196 2114 415 2198 cenobiomm,
434 2113 564 2197 scripsit
581 2113 726 2198 regulam
745 2113 873 2198 utrique
897 2112 1007 2198 generi
1026 2134 1094 2177 mo-

87 2203 260 2267 nachorum
291 2207 415 2287 aptam,
448 2224 546 2287 quam
578 2202 695 2286 angelo
726 2202 867 2266 dictante
899 2204 1095 2285 perceperat.

87 2287 219 2390 Scripsit
248 2295 283 2356 et
310 2291 351 2355 ad
380 2281 520 2376 collegas
548 2291 793 2392 praepositurae
824 2312 901 2354 suae
930 2289 1096 2390 epistulas,

86 2378 1153 2552 tinctunuhcluuntpannutius:201

19 2571 20 2576 ’
86 2555 198 2621 clausit
230 2555 309 2621 solis
342 2557 436 2622 credo
464 2578 575 2620 eorum
608 2557 732 2642 gratiae
760 2557 812 2621 vel
838 2556 964 2621 meritis
993 2555 1095 2620 mani-

85 2641 215 2728 festum,
243 2644 277 2708 id
300 2645 357 2730 ist,
384 2645 425 2708 ad
448 2645 600 2709 abbatem
624 2643 810 2720 Cornelium
833 2667 947 2728 unam,
977 2644 1018 2708 ad
1041 2644 1096 2707 ab·

86 2731 192 2797 batem
213 2731 330 2818 Syrum
353 2755 466 2818 unam,
490 2734 531 2797 ad
550 2733 693 2799 omnium
712 2733 981 2798 monasteriorum
1005 2751 1096 2816 prae·

86 2821 220 2904 positos,
258 2825 296 2886 ut
326 2822 361 2886 in
395 2843 495 2886 unum
532 2821 697 2905 antiquius
729 2821 974 2904 monasterium,
1011 2818 1096 2904 quod

19 2973 20 2980 χ
86 2908 199 2994 lingua
225 2910 418 2994 aegyptiaca
445 2912 578 2974 vocatur
599 2909 719 2991 Baum,
746 2908 935 2994 congregati
958 2907 1097 2992 paschae
1116 2922 1151 2971 25

88 2996 170 3062 diem
188 2998 279 3062 velut
298 3001 430 3062 aeterna
447 2998 520 3082 lege
539 2998 772 3076 concelebrent,
791 2997 964 3082 epistulam
983 3019 1097 3075 unam3

89 3084 234 3150 similiter
261 3086 302 3151 ad
329 3086 415 3151 diem
444 3087 660 3170 remissionis,
693 3108 776 3170 quae
808 3107 919 3151 mense
947 3085 1097 3171 Augusto

156 3241 301 3297 2Bamb.:
321 3241 492 3298 Donatianos
506 3242 646 3298 Monteses
706 3249 739 3297 10
753 3243 864 3300 Bamb.:
883 3244 934 3298 aut
986 3241 1097 3294 Bamb.:

86 3311 202 3366 aliarum
267 3318 300 3366 12
318 3311 429 3366 Bamb.:
448 3313 552 3369 viderit
622 3315 688 3372 Vat.
708 3316 738 3369 et
762 3314 858 3368 Bumb.
880 3315 910 3368 ot
924 3313 1018 3365 Bern:
1038 3328 1097 3363 nru-

87 3381 202 3436 tandam
276 3387 309 3437 15
328 3382 439 3438 Bamb.=
458 3383 594 3452 insignia3
613 3384 692 3440 Vate
711 3403 795 3454 quam
813 3385 893 3453 signa
966 3387 1000 3434 16
1018 3379 1097 3434 Vct:

86 3454 284 3508 monachorum
306 3499 307 3502 ,
361 3459 396 3509 20
415 3454 478 3510 Vat.
498 3459 528 3509 et
545 3455 639 3512 Rern:
663 3455 856 3520 excedentem
884 3450 995 3504 Bamb.:
1020 3467 1098 3504 exoc-

89 3521 169 3578 dente
188 3523 379 3594 intelligentia
451 3531 483 3579 21
504 3526 616 3582 Bamb.:
636 3526 736 3581 merito
818 3529 852 3578 25
871 3521 949 3576 Vct:
968 3518 1029 3574 Bau
