2552 4048
522 243 736 308 ..27-

117 401 308 466 huiusmodi
335 401 369 466 in
397 403 642 487 quaestionibus
670 403 749 486 poni
777 405 810 467 et
833 404 874 468 ab
897 403 938 468 iis
962 403 1135 470 veritatem

117 489 240 574 inquiri
267 490 306 554 de
333 491 711 575 praemissismendavit
734 495 768 556 et
793 492 872 557 fecit
899 496 936 558 ut
959 497 1010 557 est
1033 493 1134 557 moris

119 582 154 642 et
190 579 330 644 maxime
365 579 588 645 Romanorum
628 581 684 664 qui
724 580 909 645 inventores
950 580 1136 646 huiusmodi

119 667 347 750 quaesb'onum
381 669 521 733 existere
553 669 746 735 referuntur.
796 668 939 734 Tandem
970 691 1029 752 per
1061 691 1136 734 con-

89 755 295 820 ssessionem
314 757 461 840 ipsorum
479 757 649 823 inventum
666 757 731 822 luit
744 779 814 822 rem
827 758 976 824 totaliter
994 757 1042 822 ita
1057 779 1136 842 esse,

118 845 390 928 quemadmodum
412 845 537 911 Helena
561 847 685 910 eteius
709 846 795 910 filius
820 845 1051 912 Constantinus
1072 847 1136 929 ipsi

117 933 309 1016 imperatori
323 934 528 1019 rettulerant,
546 939 583 1000 ut
596 935 825 1018 praediximus.
852 934 945 1002 Unde
959 935 1136 1017 imperator

117 1021 222 1086 dictos
242 1027 439 1088 mercatores
453 1027 529 1106 post
543 1024 648 1088 multa
662 1023 896 1106 suppliciorum
915 1045 1034 1108 genera
1053 1045 1135 1108 quae

118 1109 159 1174 iis
193 1109 318 1195 imponi
353 1111 465 1196 iussit,
496 1112 630 1176 tandem
663 1113 779 1196 capitis
812 1112 890 1178 fecit
921 1112 1031 1178 subire
1063 1134 1135 1178 scn-

76 1199 258 1264 lotentiam
282 1207 315 1264 et
337 1200 446 1284 gladio
471 1201 634 1266 decollari.

207 1287 376 1352 Postremo
392 1286 603 1354 Constantius
617 1289 796 1372 imperator
810 1292 975 1373 comperta
990 1289 1029 1353 de
1042 1311 1133 1372 prae·
1144 1284 1188 1347 42

119 1376 230 1440 missis
249 1377 386 1442 veritate
405 1399 443 1442 ac
460 1379 603 1461 inventa,
621 1379 707 1462 quod
725 1378 834 1443 omnia
848 1381 880 1442 et
895 1377 1033 1462 singula,
1051 1399 1134 1461 quac

117 1463 245 1530 Helena
264 1468 297 1529 et
317 1463 553 1532 Constantinus
574 1467 641 1532 eius
661 1466 748 1532 filius
767 1467 806 1531 de
822 1488 855 1531 se
875 1471 909 1532 et
927 1466 1133 1550 imperatoris

119 1551 318 1618 Graecorum
345 1554 415 1619 lilia
436 1557 642 1640 rettulerant,
670 1577 749 1621 vera
772 1559 882 1621 essent
905 1556 944 1620 dc
967 1555 1070 1638 iisque
1093 1553 1134 1620 ad

77 1659 104 1700 rs
118 1643 252 1725 plenum
276 1643 482 1727 certificatus,
505 1644 597 1708 misit
619 1645 811 1729 solutiones,
839 1667 914 1711 suos
938 1645 1077 1729 legatos,
1101 1646 1134 1708 et

117 1729 252 1794 nuntios
281 1730 322 1794 ad
350 1730 518 1796 Graeciam
547 1754 584 1796 ao
611 1733 802 1815 imperatori
832 1731 1028 1798 Graecorum
1055 1731 1134 1797 fecit

118 1821 224 1884 totam
244 1819 294 1883 rei
312 1819 430 1884 scriem
448 1821 600 1884 nuntiare
620 1821 785 1904 videlicet,
809 1821 949 1905 qualiter
968 1821 1031 1886 duo
1050 1841 1133 1884 mer·

120 1910 245 1972 catores
273 1906 432 1990 praedicti
460 1907 712 1974 Constantinum
740 1909 780 1974 ad
809 1931 882 1973 eum
913 1907 1134 1973 fraudulenter

120 1995 335 2078 perduxerant
362 2018 399 2062 ac
427 1997 530 2062 filiam
557 2019 649 2062 suam
678 2019 730 2080 eo,
759 1996 845 2082 quod
872 1997 936 2080 ipsi
966 1997 1053 2062 facta
1077 2018 1136 2060 sua

78 2102 107 2142 so
121 2087 153 2147 et
180 2083 360 2148 utilitatem
387 2085 422 2149 in
449 2085 638 2168 praemissis
662 2089 695 2149 et
718 2085 803 2150 circa
827 2107 866 2150 ea
886 2086 1046 2167 facerent,
1074 2085 1136 2150 cal·

118 2171 183 2236 lide
221 2173 285 2237 sibi
321 2174 356 2238 in
387 2195 521 2238 uxorem
558 2174 704 2256 copulari
735 2174 895 2257 fecerant,
932 2173 1136 2258 qualiterque

120 2260 208 2344 ipsos
242 2261 283 2326 ad
316 2261 479 2345 quandam
511 2262 668 2346 insulam,
700 2265 737 2326 ut
763 2261 886 2327 ibidem
918 2261 1004 2326 fame
1035 2262 1135 2327 inter·

119 2349 266 2433 licerent,
289 2351 507 2435 perduxerant
528 2373 568 2454 pc
588 2351 628 2414 iis
648 2351 696 2415 ibi
714 2351 836 2416 relictis
855 2349 993 2415 Romam
1014 2352 1136 2416 reuersi

120 2437 250 2503 fuerant
273 2442 307 2502 ct
330 2439 470 2522 qualiter
493 2441 623 2524 qmdam
646 2440 725 2504 boni
752 2439 900 2506 homines
923 2461 989 2504 non
1012 2439 1136 2524 absque

82 2543 107 2584 ss
121 2529 201 2590 nutu
228 2527 362 2592 deorum
391 2527 579 2592 sublimium
606 2549 704 2610 penes
734 2529 839 2611 ipsam
871 2529 1014 2594 insulam
1044 2528 1135 2593 navi·

121 2618 236 2697 gantas
258 2615 412 2700 ipsosque
432 2638 528 2698 super
548 2637 602 2680 eos
622 2615 799 2680 clamantes
823 2617 1016 2681 invenerunt
1038 2621 1072 2680 et
1095 2616 1137 2680 ad

120 2702 258 2767 Romam
285 2705 516 2787 perduxerunt,
545 2703 686 2788 qualiter
714 2704 814 2769 etiam
841 2705 881 2768 de
908 2705 959 2768 his
984 2705 1135 2769 omnibus

122 2791 201 2856 satis
225 2791 418 2858 miraculose
441 2792 562 2876 reperit
581 2793 754 2858 veritatem
773 2792 930 2876 dictisque
948 2793 1136 2857 mereatori-

5 2933 6 2962 1
121 2879 191 2964 bus,
210 2881 294 2946 siout
308 2882 391 2946 male
406 2885 550 2966 egerant,
568 2903 627 2964 per
646 2881 841 2946 sententiam
855 2881 1134 2946 condemnationis

5 2967 6 3002 ³
84 2985 109 3026 sc
123 2967 234 3032 inferri
256 2968 381 3035 fecerat
405 2970 601 3054 supplicium
625 2970 714 3034 dirae
738 2969 864 3034 mortis.

192 3169 207 3216 6
226 3163 284 3215 und
302 3168 317 3216 7
341 3161 429 3216 Verba
447 3159 682 3230 quemadmodum
700 3191 733 3200 -
753 3161 933 3216 rettullerant
951 3177 1001 3216 om.
1021 3160 1058 3214 F.
1119 3168 1134 3216 7

121 3233 275 3286 retulerant
288 3234 345 3286 cod.
359 3233 396 3286 D.
471 3238 505 3286 14
518 3232 674 3286 retulerant
688 3232 763 3288 codd.
830 3237 863 3286 15
879 3231 1031 3286 solationes
1049 3233 1136 3298 coda,

121 3305 235 3368 fortasse
254 3308 411 3372 comptam
429 3309 474 3358 cst.
563 3310 596 3358 16
614 3303 748 3358 nunccios
770 3304 846 3359 codd.
935 3309 967 3357 17
985 3302 1135 3356 nuneciare

122 3375 197 3428 codd.
270 3380 304 3428 28
322 3372 489 3428 miraculose
510 3389 539 3427 se
558 3375 645 3440 codd„
664 3375 779 3429 alteram
798 3390 828 3428 se
847 3375 939 3429 delevi.
1017 3379 1051 3428 29
1071 3389 1136 3428 con-

123 3443 329 3514 dempnationis
348 3446 424 3499 codd.
511 3450 545 3499 30
565 3443 735 3515 supplicium
753 3444 838 3514 digne
856 3443 956 3500 mortis
975 3444 1017 3511 D,
1036 3444 1136 3498 mortis

124 3513 181 3568 dire
201 3513 369 3584 supplicium
388 3515 423 3568 F.
