2552 4048
573 291 788 354 ...10-

170 457 205 517 et
232 451 410 536 pessimum
437 451 473 514 111
500 455 588 516 terra
614 454 744 534 reptare
772 473 809 516 ac
840 450 904 514 toti
937 449 1055 534 gaudio
1090 448 1188 512 huius

171 541 293 606 saeculi
309 540 348 604 ad
367 544 516 622 tempora
530 540 619 603 vitae
634 562 710 604 suae
725 540 856 605 omnino
871 540 1057 604 renuntiare
1071 537 1189 602 vitam·

173 651 235 714 que
259 649 351 694 suam
374 629 408 692 in
431 628 584 693 continuo
607 629 698 693 luctu
727 632 760 693 et
782 649 928 692 maerore
951 625 1131 711 expendere
1155 647 1189 690 se

171 718 271 801 velle,
295 718 324 782 si
346 717 427 782 talia
450 716 646 799 acciderent,
670 717 854 782 affirmavit.
892 715 952 780 His
972 719 1006 780 et
1029 715 1103 780 aliis
1122 735 1190 778 ver·
1269 733 1270 796 5

172 807 289 872 borum
313 810 346 870 et
370 806 581 871 consiliorum
604 805 807 870 conflictibus
835 805 1035 888 permultos
1064 803 1133 867 dies
1158 806 1217 867 ete
1269 797 1270 858 1

172 898 285 960 1155555
308 894 431 959 habitis
450 895 710 959 deliberaverunt
727 894 860 958 tandem
882 894 968 957 inter
991 915 1025 957 se
1049 892 1188 956 aliorum

173 989 286 1048 tamen
310 983 373 1047 sibi
396 983 542 1048 fidelium
566 983 710 1048 consiliis
733 1003 800 1047 ncn
823 985 969 1066 expertes
993 981 1093 1064 quod,
1116 1002 1191 1046 eum
1269 979 1270 1060 1

174 1073 241 1136 15111
270 1075 356 1136 55555
383 1073 417 1137 111
444 1076 574 1136 5511511111
601 1073 637 1136 111
662 1071 724 1136 1155
751 1071 838 1136 15555
868 1091 1067 1154 processum,
1100 1069 1191 1134 aliud

173 1161 362 1225 nullatenus
387 1160 551 1242 expediret
579 1182 677 1244 quam
703 1161 789 1244 quod
813 1159 943 1223 omnino
966 1157 1192 1224 Romanorum
1269 1145 1270 1222 1

174 1249 382 1334 imperatoris
406 1249 646 1332 obtemperaret
669 1249 830 1313 voluntati
852 1248 886 1311 in
908 1247 970 1312 hac
992 1251 1095 1331 parte.
1208 1265 1232 1303 1⁰

121 1334 165 1397 14
265 1337 336 1414 Qua
355 1337 561 1402 conclusione
578 1337 707 1402 consilii
724 1337 770 1401 sic
788 1336 903 1400 habita
920 1337 1098 1420 imperator
1117 1357 1193 1400 cum

175 1426 381 1511 imperatrice
410 1425 520 1490 omnia
548 1429 739 1490 ornamenta
766 1447 847 1508 quae
875 1428 997 1490 statum
1020 1425 1108 1488 filiae
1133 1425 1193 1488 im·

174 1515 336 1598 peratoris
361 1514 396 1578 in
412 1514 473 1577 tali
497 1535 574 1578 casu
597 1514 745 1599 expedire
772 1513 922 1578 videntur
945 1517 978 1578 et
1002 1513 1192 1597 condecent,

176 1625 258 1686 quae
291 1603 418 1666 animus
449 1601 592 1666 hominis
625 1625 768 1685 unquam
797 1603 979 1686 excogitare
1007 1605 1121 1684 posset
1152 1602 1191 1666 de

113 1717 117 1726 ·
174 1691 262 1754 vasis
286 1690 432 1754 vestibus
452 1694 485 1752 et
503 1690 577 1755 aliis
601 1690 855 1774 quibuscumque
875 1691 1085 1774 apparatibus
1110 1707 1231 1755 5111515

172 1783 208 1843 55
226 1783 362 1862 argento
382 1781 415 1843 et
434 1779 571 1862 gemmis
590 1779 835 1862 pretiosissimis
855 1779 1034 1862 adornatis,
1053 1801 1192 1862 quarum

175 1890 285 1932 rerum
308 1867 450 1932 maxima
474 1867 567 1951 eopia
590 1867 711 1931 ibidem
733 1867 924 1951 habebatur,
948 1871 981 1932 et
999 1867 1064 1932 alia
1087 1869 1192 1932 multa

175 1961 370 2040 praeparata
388 1956 459 2020 fieri
474 1957 641 2021 mandavit
655 1959 688 2020 et
705 1955 783 2020 fecit
801 1977 859 2040 pro
873 1957 989 2020 itinere
1008 1955 1096 2020 filiae
1113 1979 1192 2020 suae
1269 1983 1270 1994 ,

172 2045 335 2110 familiam
363 2046 446 2109 mult
432 2049 501 2108 tam
529 2044 649 2109 addens
682 2048 715 2108 et
746 2044 785 2108 de
812 2045 974 2108 thesauris
1006 2065 1192 2128 pannorum
1269 2035 1270 2092 1

176 2133 426 2198 sericeorumet
412 2134 597 2285 taliarurnt
617 2133 725 2197 infinit
711 2137 818 2197 tarum
841 2154 949 2197 rerum
971 2133 1191 2216 pretiosarum
1205 2149 1232 2187 20

173 2220 450 2286 inaestimabilem
469 2223 618 2304 quantita
599 2223 694 2286 at.en1
728 2211 857 2286 Interea
876 2222 975 2286 etiarn
992 2225 1190 2287 mercatores

174 2309 333 2392 praedicti
306 2309 396 2374 tde
419 2309 526 2374 reditu
548 2310 669 2374 ibidem
693 2310 830 2392 amplius
856 2309 1003 2374 faciendo
1027 2310 1192 2394 desperati

174 2417 273 2461 naves
289 2419 372 2478 suas,
391 2419 529 2480 quarum
543 2397 719 2462 maximam
734 2402 771 2462 ut
785 2397 931 2481 praedixi
946 2397 1191 2462 multitudinem

175 2507 284 2549 secum
312 2485 523 2569 adduxerant,
551 2485 590 2550 de
616 2485 754 2550 infinitis
779 2487 997 2554 mercimoniis
1020 2485 1190 2552 nobilibus

174 2573 397 2656 impleverunt.
1206 2591 1270 2631 55

123 2659 164 2721 15
263 2661 434 2746 Imperat
408 2685 457 2726 nx
470 2685 547 2728 vero
567 2662 606 2727 (15
620 2685 747 2728 15555511
765 2664 851 2728 filiae
867 2685 944 2728 suae
957 2663 1054 2727 nimis
1074 2663 1190 2728 dolens
1269 2655 1270 2726 1

175 2773 212 2816 55
240 2751 278 2815 (15
307 2752 541 2816 mercatoribus
569 2752 724 2852 praedict
715 2774 756 2834 15,
785 2753 870 2817 sicut
895 2755 1043 2816 materna
1065 2752 1192 2817 viscera

174 2839 313 2923 quodam
338 2840 504 2923 speciali
494 2841 639 2925 mgenio,
663 2863 726 2924 quo
747 2843 866 2905 natura
888 2844 1009 2904 matres
1032 2861 1092 2923 pro
1117 2861 1191 2905 con·
1269 2879 1270 2884 κ

173 2929 356 2992 servatione
379 2929 449 3011 spei
472 2933 505 2992 et
528 2929 716 2994 educatione
741 2928 916 2992 filiarum
906 2928 1102 3014 mgeniavit,
1127 2929 1191 2994 sibi

173 3015 403 3098 patefecerant,
422 3017 636 3100 suspitionem
655 3018 890 3102 aliquantulam
908 3017 1031 3082 habens
1050 3017 1219 3082 tradidit
1206 3032 1270 3114 ³,0

174 3103 358 3186 praedictae
380 3105 466 3168 filiae
491 3106 617 3188 private
642 3127 679 3171 ac
702 3127 891 3206 quocunque
918 3105 1050 3170 homine
1074 3105 1190 3170 mundi

174 3191 339 3256 nesciente
357 3194 515 3256 nonnulla
538 3195 670 3258 encenia
694 3194 733 3258 de
752 3217 831 3259 auro
850 3193 1018 3259 5151551515
1041 3194 1270 3308 55115515

246 3417 975 3488 4111155515.9555555555115555555.555151
1050 3420 1270 3475 11115115-1

174 3488 220 3540 tur
239 3491 328 3556 codd„
347 3489 504 3542 habebatur
522 3493 636 3546 55555551.
710 3497 742 3545 18
761 3491 936 3560 praeparatis
956 3493 1032 3546 codd
1109 3498 1141 3545 19
1161 3491 1190 3544 55
1269 3537 1270 3570 5

175 3557 210 3610 (15
228 3530 340 3630 scripsi,
360 3561 389 3614 et
407 3562 478 3616 (15555
467 3561 527 3614 tia
545 3561 620 3616 codd.
693 3569 727 3616 32
747 3579 781 3616 55
798 3563 841 3629 D,
860 3563 890 3615 et
908 3562 943 3618 F.
1269 3591 1270 3676 5
