2552 4048
516 289 732 354 „23-

114 445 305 511 licatissime
337 447 539 512 manducare.
584 447 768 533 Imperator
800 471 876 514 vcro
909 473 977 515 rem
1010 453 1130 518 tacitus

115 534 324 598 considerans
338 534 498 600 Helenam
511 539 588 620 post
601 559 748 602 mensam
762 538 803 602 ad
817 559 851 602 se
866 541 993 604 voeavIt
1007 541 1130 606 dicens:

115 621 342 707 ‘Nequaquam
369 624 419 688 ita
446 629 496 689 cst
523 624 562 688 de
590 625 658 690 filio
687 630 742 691 tuo
771 631 805 691 et
831 649 930 692 uxore
954 628 1023 692 eius
1048 630 1131 694 sicut

114 710 240 795 dixisti3
269 715 302 776 et
333 712 398 776 nisi
428 713 524 777 nobis
552 713 591 778 de
618 714 804 779 huiusmodi
830 715 919 780 dicas
951 718 1132 803 veritatem,

87 799 318 882 ⁵imperialem
340 801 547 866 maiestatem
565 805 599 866 te
618 803 701 867 scias
722 803 866 886 graviter
889 804 1050 870 offenders
1072 827 1132 870 nec

115 887 259 952 debitam
290 893 323 953 te
355 890 485 954 noveris
510 891 654 955 ,evadere
685 907 781 974 posse
813 892 993 958 ultionem'.
1039 893 1131 970 Quod

116 976 250 1042 audiens
265 976 391 1042 Helena
405 978 499 1042 dixit:
518 977 669 1043 ‘Domine
683 980 874 1063 imperator:
894 1003 933 1045 ex
947 1003 1011 1064 quo
1026 980 1131 1046 modis

116 1065 268 1130 omnibus
297 1067 378 1130 scire
406 1066 504 1131 voltis
532 1067 628 1131 huius
655 1069 702 1132 rei
730 1069 915 1153 veritatem,
944 1070 1027 1134 detis
1052 1071 1132 1134 mihi

115 1152 260 1219 indutias
283 1155 427 1219 modicas
451 1158 484 1219 et
507 1175 567 1240 ego
587 1177 716 1221 reversa
735 1179 808 1222 cum
827 1157 895 1223 filio
915 1180 987 1223 meo
1012 1163 1045 1223 et
1063 1159 1132 1222 filia

75 1256 102 1295 10
116 1241 222 1306 dicam
255 1241 371 1308 vobis'.
414 1242 599 1328 Imperator
634 1267 709 1310 vero
738 1267 772 1310 se
804 1246 839 1310 in
870 1247 934 1332 hoc
965 1247 1132 1312 difficilem

115 1329 266 1413 reddens,
290 1332 346 1396 sed
364 1331 469 1397 victus
488 1333 619 1398 tandem
637 1333 706 1398 eius
730 1334 879 1417 precibus
901 1335 986 1398 diem
1011 1339 1132 1399 certam

115 1418 270 1483 redeundi
293 1423 326 1484 et
347 1421 527 1504 praemissa
549 1421 675 1486 dicendi
699 1422 763 1486 sibi
787 1423 976 1506 assignavit.

204 1507 267 1571 Die
282 1529 357 1573 vero
373 1511 498 1574 statuta
512 1508 702 1574 adveniente
715 1509 842 1575 Helena
857 1512 1020 1594 annulum,
1035 1533 1131 1594 quem
1142 1510 1185 1576 37

116 1595 181 1660 sibi
203 1595 383 1679 imperator
406 1597 441 1660 in
464 1598 674 1664 defloratione
694 1621 753 1663 sua
770 1603 808 1664 ut
830 1599 974 1683 praedixi
992 1599 1133 1684 dederat,

77 1698 103 1739 1⁵
117 1706 183 1748 una
211 1706 284 1749 cum
311 1684 516 1751 nobilissimo
544 1687 708 1770 imperiali
739 1687 900 1752 humerali
932 1693 1133 1771 ornamento,

118 1795 198 1857 quas
226 1794 278 1837 res
305 1773 471 1856 praedicta
499 1773 627 1838 Helena
654 1797 756 1858 usque
783 1775 819 1839 in
846 1776 952 1859 ipsam
976 1776 1062 1839 diem
1085 1777 1134 1840 ita

117 1861 352 1945 occultaverat,
376 1862 460 1945 quod
479 1863 563 1926 nulli
581 1863 704 1926 viventi
729 1863 767 1926 de
786 1863 848 1928 hoc
868 1864 1043 1946 quidquam
1062 1885 1134 1928 con-

117 1949 206 2014 stitit
228 1971 288 2014 nec
311 1951 496 2035 constabat,
519 1951 604 2034 apud
628 1973 662 2014 se
686 1954 807 2014 secrete
831 1951 989 2035 recipiens
1014 1951 1054 2014 ad
1077 1952 1135 2014 im·

118 2041 304 2120 peratorem
331 2061 396 2104 una
424 2061 498 2104 cum
525 2038 594 2103 filio
623 2061 680 2103 suo
709 2042 742 2102 et
768 2039 838 2103 filia
860 2061 990 2104 reversa
1014 2040 1078 2104 fuit
1101 2043 1135 2104 et

78 2140 105 2180 2⁰
119 2130 211 2191 stans
234 2126 270 2190 in
292 2127 396 2210 ipsius
418 2127 604 2211 praesentia
623 2127 706 2191 dixit
725 2128 788 2192 sibi
807 2127 1032 2211 supplicando:
1058 2127 1134 2193 ‘Do-

119 2215 208 2280 mine
226 2214 419 2300 imperator,
436 2236 531 2300 rogo,
550 2218 588 2280 ut
607 2237 716 2280 amore
735 2216 787 2281 dei
806 2216 840 2280 in
858 2215 919 2300 his,
940 2239 1022 2300 quae
1041 2217 1134 2281 vobis

120 2303 201 2387 dixi,
234 2304 380 2368 contenti
408 2304 480 2370 sitis
509 2309 541 2369 et
569 2326 620 2369 me
648 2304 689 2368 ad
716 2305 873 2369 ulteriora
900 2304 1039 2368 dicenda
1068 2327 1136 2369 non

119 2390 267 2476 cogatis'.
317 2391 518 2477 Imperatore
552 2397 661 2459 autem
692 2393 755 2458 hoc
786 2393 893 2458 facero
924 2393 1056 2477 penitus
1088 2415 1135 2457 re-

120 2482 255 2545 cusante
288 2484 321 2544 et
353 2480 394 2544 ad
426 2480 610 2564 dicendum,
643 2481 784 2564 qualiter
816 2486 903 2546 esset
934 2481 973 2546 de
1006 2483 1074 2547 filio
1102 2485 1135 2546 et

80 2581 105 2622 2⁵
120 2568 202 2648 filia,
230 2568 337 2652 ipsam
365 2569 461 2632 minis
486 2573 518 2633 et
545 2569 724 2634 terroribus
752 2573 919 2635 coartante
949 2571 1032 2634 dixit
1059 2570 1135 2635 sibi:

120 2656 285 2740 ‘Domina
323 2657 351 2720 si
387 2657 497 2722 deero
533 2656 625 2720 vobis
657 2657 843 2736 veritatem,
879 2681 947 2722 non
983 2657 1135 2742 credetis3

119 2767 231 2810 verum
254 2747 378 2829 tamen,
402 2755 440 2810 ex
464 2767 527 2830 quo
550 2745 671 2810 habere
694 2766 762 2810 non
779 2745 877 2809 voltis
897 2767 948 2809 me
968 2745 1006 2809 de
1025 2745 1135 2810 huius·

120 2833 210 2897 modi
242 2833 483 2918 subportatam,
514 2837 642 2899 vestrae
670 2833 802 2897 notifico
836 2833 1015 2918 maiestati,
1050 2835 1136 2918 quod

121 2923 183 2986 iste
206 2919 452 3006 Constantinus,
482 2922 569 2986 filius
595 2943 697 3004 meus,
726 2923 776 2986 est
798 2921 886 2986 filius
909 2926 1026 2986 vester.
1062 2921 1135 3006 Ego

82 3010 228 3112 scipsum
259 3010 299 3125 de
335 3010 428 3076 vobis
465 3011 605 3096 suscepI,
642 3011 698 3092 qui
730 3031 781 3073 me
817 3011 1048 3094 pauperculam
1080 3032 1136 3094 op-

120 3102 435 3271 presslliliricipiens
455 3187 561 3270 coepit
584 3185 648 3252 sibi
669 3207 802 3251 narrare
825 3189 930 3251 totam
951 3187 1067 3251 seriem
1085 3183 1188 3250 rei38

121 3277 247 3358 gestae,
272 3275 356 3340 sicut
378 3275 413 3339 in
434 3275 594 3360 principio
618 3275 797 3359 praesentis
822 3276 969 3358 opusculi
993 3275 1136 3340 contine·

194 3420 208 3468 7
228 3413 347 3470 Domine
367 3430 416 3469 om.
432 3413 468 3468 F.
541 3419 557 3468 8
572 3412 659 3468 voltis
674 3413 716 3481 D,
736 3413 813 3466 vultis
831 3413 862 3466 F
941 3417 974 3468 21
989 3411 1045 3466 hiis
1060 3413 1136 3468 codd.

122 3483 255 3624 pepp—,a
274 3486 364 3553 aaa,
383 3483 445 3538 aaa
465 3485 578 3540 eavea.
652 3489 686 3539 av
710 3483 796 3538 volta
815 3455 891 3540 ada
973 3489 1007 3538 ao
1025 3482 1080 3538 aa
1098 3484 1138 3552 n,
