2552 4048
468 311 686 376 ..81—

75 450 272 516 Postumiani
296 453 329 514 et
352 449 449 515 Galli'
472 473 507 516 sc
530 450 691 517 mediante
715 455 748 516 ot
769 451 873 518 iudice
893 452 930 516 de
954 474 1087 519 conver·

75 541 191 604 satione
229 538 467 604 monachorum
503 541 711 606 orientalium
749 544 783 606 et
816 541 919 626 ipsius
955 539 1087 606 Martini

75 627 213 692 habitam
241 627 279 692 in
302 627 423 713 dialogi
446 629 585 712 speciem
614 629 739 694 duabus
765 629 978 694 incisionibus
1001 651 1085 696 com-

74 716 246 800 prehendit.
288 715 328 780 In
350 737 487 802 quarum
510 717 618 800 priore
637 719 738 783 refert
756 739 814 783 suo
832 722 978 802 tempore
1001 718 1086 802 apud

74 804 300 869 Alexandriam
324 805 449 888 synodo
474 807 698 890 episcoporum
720 807 892 892 decretum,
915 805 1123 892 Origenemo

74 897 101 957 et
130 894 261 958 cautius
289 915 310 957 a
343 894 544 977 sapientibus
576 917 636 978 pro
669 896 764 961 bonis
797 895 969 980 legendum
1001 900 1034 960 et
1067 919 1087 960 a

74 983 170 1046 minus
210 981 386 1065 capacibus
426 1004 486 1066 pro
522 985 616 1048 malis
658 984 901 1068 repudiandum.
954 983 1016 1048 Hic
1052 985 1088 1048 in

75 1075 195 1136 senecta
222 1091 283 1134 sua
306 1069 526 1156 aPelagianis
550 1073 701 1156 deceptus
721 1074 753 1136 et
776 1092 954 1158 agnoscens
977 1074 1088 1158 loqua-

73 1159 172 1224 citatis
201 1159 334 1242 culpam
362 1159 526 1224 silentium
548 1161 713 1244 usquead
741 1165 880 1228 mortem
902 1162 1021 1245 tenuit,
1050 1165 1088 1226 ut

74 1251 246 1330 peccatum,
270 1247 356 1331 quod
374 1248 535 1332 loquendo
559 1243 773 1334 contraxerat,
795 1249 932 1316 tacendo
956 1251 1085 1335 penitus
1107 1269 1143 1318 lo

75 1336 264 1402 emendaret.

479 1447 561 1538 cap.
593 1447 679 1518 xx.

153 1583 340 1648 Antiochus
362 1585 531 1668 episcopus
552 1585 682 1669 scripsit
705 1583 887 1649 ‘adversum
906 1583 1087 1649 avaritiam'

75 1693 166 1736 unum
196 1675 230 1736 εὴ
254 1673 376 1756 grande
403 1673 554 1738 volumen
578 1677 610 1738 et
633 1673 679 1738 ‘in
707 1674 873 1738 curatione
897 1671 1005 1756 caeci',
1032 1673 1088 1757 qui

77 1758 282 1826 aSalvatore
310 1761 523 1825 inluminatus
547 1765 610 1844 est,
640 1762 810 1827 homiliam
833 1763 1014 1846 composuit
1037 1761 1087 1826 ‘de
1109 1782 1140 1830 15

77 1849 319 1932 compunctione
361 1849 488 1914 timoris
525 1849 586 1914 Dei
624 1853 657 1914 et
691 1847 897 1914 humilitate'.
951 1849 1089 1914 Moritur

77 1935 202 2002 Arcadii
226 1937 433 2020 imperatoris
456 1941 610 2022 tompore.

472 2119 554 2208 Gap.
585 2118 695 2189 XXI.

158 2253 360 2339 Severianus,
368 2257 538 2341 episcopus
549 2255 740 2321 Gabalensis
752 2255 913 2340 ecclesiae,
926 2255 961 2320 in
971 2255 1088 2320 divinis

76 2344 238 2428 scripturis
268 2344 412 2408 eruditus
441 2347 473 2408 et
495 2345 530 2409 in
551 2345 695 2410 homiliis
724 2344 921 2410 declamator
952 2343 1087 2407 admira·
1108 2368 1142 2416 20

76 2431 143 2496 bilis
167 2433 239 2496 fuit.
282 2429 377 2498 Unde
401 2437 433 2496 et
455 2433 638 2518 frequenter
657 2434 697 2499 ab
721 2433 871 2518 episcopo
890 2432 1037 2498 Iohanne
1057 2436 1090 2497 et

77 2519 210 2586 Arcadio
236 2520 432 2604 imperatore
456 2523 495 2587 ad
519 2523 702 2587 faciendum
726 2544 907 2587 sermonem
931 2520 1090 2587 Constan-

76 2608 243 2692 tinopolim
289 2611 493 2676 evocabatur.
552 2609 632 2696 Legi
669 2611 735 2676 eius
772 2609 1019 2694 ‘expositionem
1055 2609 1090 2673 in

78 2697 244 2778 epistulam
268 2697 308 2760 ad
332 2698 477 2763 Galatas'
507 2703 539 2764 ct
562 2699 612 2764 ‘dc
635 2699 799 2784 baptismo
829 2703 861 2762 ct
883 2698 1089 2782 Epiphaniae

24 2813 26 2830 ÷
77 2785 303 2850 sollemnitate'
330 2787 475 2851 libellum
508 2788 738 2872 gratissimum.
793 2787 932 2851 Moritur
963 2785 1088 2850 iuniore
1109 2813 1144 2861 25

78 2871 269 2958 Theodosio,
293 2874 360 2940 filio
385 2897 443 2940 suo
467 2876 501 2940 in
524 2877 699 2960 baptismo,
722 2877 910 2960 imperante.

461 3055 543 3146 Cup.
576 3057 707 3126 XXII.

162 3189 297 3277 Niceas,
333 3193 545 3258 Romatianae
590 3195 730 3258 civitatis
777 3195 959 3278 episcopus,
1006 3214 1091 3256 ccm-

78 3279 184 3359 posuit
211 3281 351 3365 simplici
380 3283 412 3346 et
441 3281 543 3346 nitido
574 3304 720 3346 sermone
749 3304 805 3348 sex
833 3280 1090 3364 competentibus

146 3417 288 3474 lBamb.:
307 3419 481 3488 capientibus
553 3421 664 3477 Remu:
679 3421 857 3476 refutandum
931 3424 964 3470 14
979 3417 1090 3471 Rama:

79 3486 189 3556 longum
262 3497 296 3546 16
310 3490 426 3546 ·Bamb.:
447 3507 509 3546 com
530 3491 661 3545 unctione
677 3535 682 3546 .
699 3492 855 3560 ..plenam
927 3493 963 3540 24
979 3488 1091 3542 Bamb.=

79 3556 273 3628 'theophaniae
347 3567 381 3616 28
400 3561 478 3617 Vct:
525 3560 599 3616 iceta

130 3657 243 3713 Herding,
259 3659 421 3710 Hieronymus.
860 3653 876 3700 6
