2552 4048
565 265 604 277 ..
652 228 695 294 93
741 265 785 276 -

563 373 646 465 Cup.
674 374 794 446 LXV.

256 511 460 594 Vincentius,
491 511 625 577 natione
657 510 787 597 Gallus,
825 513 910 598 apud
947 513 1185 578 monasterium

166 601 356 667 Levinensis
379 601 504 666 insulae
526 601 707 686 presbyter,
734 600 784 665 vir
810 601 846 666 in
868 601 1036 686 scripturis
1060 603 1186 667 sanctis

168 691 283 756 doctus
306 695 339 755 et
361 690 479 755 notitia
502 689 794 755 ecclesiasticorum
813 689 1003 775 dogmatum
1022 689 1186 756 sufficien-

133 797 149 846 o
167 783 219 844 ter
236 780 424 864 instructus,
443 778 625 864 composuit
648 778 688 843 ad
707 778 859 844 evitanda
881 779 1101 844 hereticorum
1120 780 1186 844 col-

167 868 255 954 legia
276 867 381 933 nitido
405 868 486 933 satis
516 870 549 932 et
572 870 684 952 aperto
709 889 856 932 sermone
879 867 1114 933 validissimam
1137 869 1186 932 di-

169 957 525 1131 telsstltlhtffi
547 955 721 1110 illiti}
740 957 875 1111 minti
898 956 1187 1130 stultit?

169 1133 265 1198 cundi
293 1133 369 1198 libri
397 1134 572 1198 maximam
600 1133 636 1198 in
663 1133 823 1199 schedulis
851 1137 977 1218 partem
1008 1133 1187 1218 aquibus·

115 1239 149 1291 10
169 1223 243 1287 dam
266 1221 408 1286 furatam
430 1220 583 1306 perdidit,
606 1223 820 1306 recapitulato
839 1223 908 1287 eius
930 1223 1043 1307 paucis
1063 1244 1187 1288 sermo-

167 1311 264 1376 nibus
293 1332 389 1375 sensu
412 1311 550 1396 pristino
579 1311 744 1397 compegit
767 1315 800 1375 et
818 1311 852 1376 in
875 1332 940 1375 uno
964 1310 1049 1376 libro
1074 1311 1188 1376 edidit.

167 1399 307 1466 Moritur
328 1398 512 1465 Theodosio
536 1403 569 1464 et
590 1398 822 1465 Valentiniano
846 1400 1068 1484 regnantibus.

553 1579 634 1670 cap.
663 1579 806 1650 LXVI.

259 1715 413 1802 Syagrius
428 1717 559 1802 scripsit
578 1715 628 1781 ‘de
642 1715 716 1792 fide'
731 1717 900 1782 adversum
913 1722 1188 1802 praesumptuosa

117 1825 150 1873 15
169 1805 384 1872 hereticorum
407 1806 581 1889 vocabula,
603 1826 686 1889 quae
710 1805 751 1870 ad
769 1805 963 1871 destruenda
983 1807 1036 1872 vel
1060 1807 1103 1870 ad
1125 1807 1186 1872 im·

169 1895 327 1960 mutanda
350 1897 482 1960 sanctae
502 1894 671 1959 Trinitatis
695 1894 830 1960 nomina
852 1899 1007 1980 usurpata
1030 1899 1116 1980 sunt,
1140 1896 1187 1960 di·
1266 1955 1267 1999 ,

169 1971 311 2050 centiuin
332 1982 464 2048 Patrem
486 2005 554 2048 non
577 1983 691 2048 debere
710 1982 840 2048 Patrem
864 1983 940 2068 dici,
963 2005 1004 2048 ne
1022 1984 1058 2048 in
1076 1983 1186 2050 Patris

167 2073 300 2137 nomino
327 2069 429 2136 Filius
462 2074 631 2156 consonet,
659 2071 715 2136 sed
743 2071 929 2157 Ingenitum'
961 2076 995 2138 et
1020 2071 1187 2138 Infectam

169 2183 206 2226 ac
230 2158 419 2226 solitarium
441 2161 706 2246 nuncupandum,
729 2165 779 2246 ut,
803 2161 954 2246 quicquid
978 2165 1069 2226 extra
1092 2161 1187 2244 illum

115 2266 149 2317 20
169 2251 212 2315 sit
238 2271 390 2334 persona,
417 2252 509 2314 extra
535 2250 628 2314 illum
651 2250 695 2314 sit
726 2253 759 2314 et
781 2253 913 2334 natura,
942 2250 1117 2315 ostendens
1152 2255 1186 2316 et

167 2338 299 2403 Patrem
321 2337 377 2423 qui
396 2337 540 2402 ciusdem
563 2341 613 2403 ost
630 2342 780 2424 naturae,
798 2360 895 2422 posse
913 2339 976 2404 dici
993 2339 1185 2424 Ingenitum

168 2432 201 2491 et
224 2425 417 2508 scripturam
440 2425 573 2508 dixisse,
600 2448 639 2491 ex
668 2448 702 2491 se
726 2427 877 2512 genuisse
905 2427 941 2492 in
968 2449 1109 2512 persona
1132 2427 1186 2492 Fi-

167 2515 261 2597 lium,
284 2535 352 2577 non
373 2514 502 2599 iecisse,
526 2518 620 2580 etex
644 2537 677 2580 se
700 2515 872 2599 protulisse
895 2516 930 2580 in
952 2537 1093 2600 persona
1114 2514 1185 2600 Spi-

168 2603 266 2667 ritum
286 2605 447 2688 sanctum,
465 2625 532 2668 non
551 2604 700 2689 genuisse
719 2625 824 2689 neque
842 2604 965 2670 fecisse.
1003 2602 1069 2669 Sub
1088 2605 1185 2670 huius
1263 2659 1264 2668 ,

115 2707 149 2760 26
169 2689 299 2778 Syagrii
320 2691 453 2757 nomine
477 2700 601 2776 septem
625 2691 676 2758 ‘de
698 2692 761 2758 fide
785 2697 818 2758 et
834 2694 956 2778 regulis
973 2692 1059 2758 fidei'
1082 2693 1185 2760 libros

167 2781 393 2864 praetitulatos
425 2781 534 2846 inveni
566 2780 623 2847 sed
655 2782 732 2866 quia
766 2782 879 2868 lingua
908 2783 1085 2868 variantur,
1117 2805 1185 2848 non

169 2891 281 2935 omnes
305 2870 374 2935 eius
397 2870 517 2935 credidi
541 2892 619 2936 esse.
1262 2873 1263 2878 ’

541 3034 623 3124 cap.
650 3032 817 3104 LXVII.

258 3167 364 3253 Isaac,
391 3171 563 3254 presbyter
589 3169 814 3236 Antiochense
847 3172 1014 3257 ecclesiae,
1055 3173 1187 3257 scripsit

116 3274 150 3325 80
169 3256 251 3344 Syro
275 3279 423 3323 sermone
446 3258 547 3344 longo
569 3261 714 3342 tempore
744 3264 777 3324 et
800 3261 918 3346 multa,
939 3261 1115 3346 praecipua
1137 3266 1185 3327 ta·

241 3421 274 3470 10
296 3414 409 3473 Bamb:
432 3414 630 3486 recapitulatio
656 3456 662 3468 .
684 3456 716 3470 ..
741 3433 853 3472 sensum
875 3417 966 3488 primo
1077 3424 1113 3473 26
1137 3419 1182 3473 alr

168 3485 296 3556 linguam
314 3486 426 3543 variant
498 3493 533 3542 30
551 3483 646 3543 Bam:
664 3487 815 3558 praecipue
834 3491 931 3544 tamen
950 3489 1069 3544 obscura
