2546 4036
481 215 700 279 ,41-

85 356 196 422 diserti
231 355 391 440 hominis,
428 378 496 422 non
532 355 613 420 mihi
649 355 776 421 ridetur
814 377 887 422 cum
925 356 1100 441 superioris

83 445 159 510 libri
182 444 261 509 stilo
288 444 468 510 convenire.
512 443 663 509 Meminit
689 444 784 509 huius
808 443 944 510 Minucii
959 448 1000 528 ¹ct
1021 443 1100 510 Lac-

82 532 207 598 tantius
231 532 267 597 in
290 532 382 600 libris
406 533 483 598 suis.
620 541 623 548 ’

487 713 569 804 Cup.
596 711 702 787 LIX.
751 737 754 744 ’
806 799 809 804 ,

174 848 280 916 Gaius
307 850 368 916 sub
396 849 595 936 zephyrino,
627 849 795 918 Romanae
822 851 912 917 urbis
944 851 1105 936 episcopo,
1140 867 1158 918 5

88 939 119 1004 id
133 942 195 1022 est,
210 938 271 1004 sub
280 939 462 1024 Antonino,
470 937 580 1005 Severi
593 939 671 1024 filio,
681 939 935 1023 disputationem
946 939 1107 1010 adversus

86 1025 273 1106 Proculum,
289 1025 441 1094 Montani
463 1031 667 1112 sectatorem,
688 1028 782 1094 valde
804 1029 966 1114 insignem
988 1027 1106 1094 habuit

88 1135 226 1200 arguens
254 1137 329 1180 eum
354 1115 548 1182 temeritatis
572 1137 669 1200 super
690 1137 777 1182 nova
802 1117 974 1201 prophetia
996 1117 1104 1182 defen·
1135 1156 1165 1184 o

87 1204 191 1283 danda
219 1207 254 1268 et
284 1205 320 1268 in
344 1205 457 1270 eodem
484 1205 647 1270 volumine
674 1205 830 1289 epistulas
857 1227 985 1290 quoque
1012 1205 1104 1271 Pauli

86 1292 241 1364 hadecim
268 1296 396 1358 tantum
425 1315 617 1359 enumerans
645 1297 795 1378 quartam
822 1294 993 1378 decimam,
1021 1315 1103 1378 quae
1124 1310 1158 1360 10

87 1380 190 1446 fertur
223 1381 266 1446 ad
291 1380 473 1464 Hebraeos,
505 1381 584 1447 dicit
614 1402 681 1448 non
713 1381 782 1446 eius
812 1403 896 1464 esse;
930 1381 986 1448 sed
1018 1381 1104 1466 apud

87 1467 253 1535 Romanos
272 1490 374 1554 usque
392 1469 488 1536 hodie
502 1470 595 1554 quasi
608 1468 702 1534 Pauli
719 1470 860 1554 apostoli
878 1491 944 1536 non
958 1469 1104 1536 hahetur.

500 1650 582 1741 Gap.
610 1650 693 1722 LX.
743 1651 746 1656 ’

175 1785 338 1870 Beryllus,
348 1787 453 1853 Arabs
466 1787 645 1853 Bostrenus
661 1788 840 1871 episcopus,
851 1807 924 1852 cum
939 1787 1104 1872 aliquanto

87 1879 236 1960 tempore
267 1876 405 1941 rexisset
437 1875 617 1958 ecclesiam,
650 1874 690 1939 ad
722 1879 901 1940 extremum
932 1875 1043 1959 lapsus
1070 1877 1106 1941 in
1126 1899 1171 1963 15¹

88 1963 240 2046 heresim,
263 1986 346 2048 quae
366 1961 532 2029 Christum
556 1967 631 2028 ante
653 1963 910 2028 incarnationem
932 1966 1040 2048 negat,
1064 1965 1104 2029 ab

90 2051 231 2138 Origene
260 2057 423 2118 correctus
452 2052 582 2135 scripsit
608 2051 698 2116 varia
725 2051 880 2135 opuscula
907 2055 940 2116 et
966 2052 1105 2117 maxime

90 2140 261 2224 epistulas,
297 2141 332 2206 in
368 2141 486 2226 quibus
518 2139 651 2225 Origeni
687 2139 810 2224 gratias
839 2139 920 2224 agit
975 2137 1036 2204 Sed
1074 2145 1107 2205 et

90 2227 240 2315 Origenis
268 2228 406 2294 adeum
433 2231 560 2296 litterae
588 2231 672 2294 sunt.
716 2227 836 2294 Exstat
864 2226 1012 2314 dialogus
1036 2228 1106 2294 Ori-

92 2319 182 2402 genis
210 2321 245 2382 et
271 2317 410 2402 Berylli,
440 2319 476 2384 in
502 2339 565 2402 quo
595 2317 746 2382 hereseos
778 2317 932 2402 arguitur.
983 2308 1108 2386 Olaruit
1125 2343 1161 2392 20

90 2409 198 2471 autem
222 2406 282 2472 sub
296 2406 490 2491 Alexandr0,
503 2405 703 2470 Mammaeae
726 2405 803 2489 filio,
826 2405 1050 2476 ctMaximino
1074 2411 1108 2472 et

19 2499 20 2504 ’
92 2492 274 2578 Gordiano,
297 2497 353 2580 qui
376 2496 406 2564 ei
429 2497 464 2560 in
486 2495 623 2580 imperio
647 2499 878 2560 successerunt.

494 2675 576 2766 Cup.
604 2675 711 2748 LXI.

154 2870 157 2880 ,
177 2811 387 2898 Hippolytus,
400 2813 567 2878 cuiusdam
579 2810 733 2878 'ccclesiae
748 2811 918 2896 episcopus
935 2847 973 2856 -
989 2833 1108 2876 nomen

89 2901 209 2987 quippe
228 2899 319 2965 urbis
343 2901 424 2966 scire
442 2922 509 2966 non
531 2899 624 2986 potui
649 2899 744 2964 -in
767 2899 894 2964 ratione
916 2899 1056 2984 paschae
1075 2905 1108 2964 et
1125 2925 1161 2974 25

88 2995 276 3075 temporum
299 3011 423 3054 canone
443 2990 572 3074 scripsit
594 2992 627 3054 ct
644 3009 746 3074 usque
770 2988 810 3052 ad
828 2988 968 3072 primum
987 3009 1107 3054 annum
1143 3069 1145 3078 s

87 3077 269 3144 Alexandri
282 3077 488 3162 imperatoris
504 3078 641 3143 sedecim
656 3097 815 3142 annorum
829 3077 992 3157 circulum,
1012 3099 1108 3163 quem
1159 3086 1163 3099 ’

88 3162 206 3232 Graeci
231 3164 541 3252 iuuucdsuaeapplda
563 3169 695 3249 vocant,
724 3165 878 3250 repperit,
901 3170 935 3230 et
956 3165 1108 3248 Eusebi0,

162 3329 178 3377 7
198 3348 232 3368 =
250 3323 382 3378 Proclum
486 3328 502 3378 8
520 3323 598 3378 Vat:
618 3323 769 3379 deferenda
865 3327 900 3375 14
917 3321 967 3375 al:
986 3319 1108 3373 Arabiae

88 3398 123 3447 15
142 3393 242 3448 Bamb.
268 3396 298 3449 et
320 3392 461 3448 merimuz
484 3394 607 3464 gloriose
629 3393 745 3448 rexisset
820 3397 855 3446 20
874 3391 924 3445 al:
947 3388 1110 3459 coarguitur

88 3469 127 3520 26
146 3464 288 3520 Norimb.=
308 3481 394 3534 quem
412 3464 524 3535 scripsit
