2546 4036
527 205 771 270 ·-24-·

154 348 314 434 quaedam
346 348 487 416 barbara
519 347 654 414 nomina
690 348 724 412 et
758 343 854 411 deum
885 345 1066 412 maximum
1103 345 1175 411 eiua

153 438 318 523 Abraxas,
341 437 398 523 qui
421 436 514 522 quasi
537 457 658 504 annum
678 434 849 502 continens
868 433 959 502 iuxta
973 432 1173 500 Graecorum

152 527 288 594 nomina
315 527 518 612 supputetur.
563 521 710 590 Moratus
738 525 848 590 autem
875 525 926 588 est
947 519 1124 608 Basilides,
1155 544 1175 586 a

154 636 218 700 quo
241 613 398 700 gnostici,
415 613 450 680 in
464 612 665 680 Alexandria
683 611 885 698 temporibus
898 609 1067 680 Hadriani.
1100 609 1177 688 Qua

120 703 408 788 ctempestate.et
431 700 614 785 Cochebas,
641 701 705 768 dux
727 699 872 766 iudaicae
895 699 1057 784 factionis,
1080 697 1175 766 Obri-

155 791 279 858 stianos
301 791 400 858 variis
424 789 591 878 suppliciis
614 788 768 856 enecavit.

543 969 626 1064 Cup.
658 969 791 1044 XXII.

245 1107 465 1194 Hegesippus,
501 1109 626 1174 vicinus
665 1108 886 1192 apostolorum
917 1112 1100 1192 temporum
1140 1111 1175 1171 et
1258 1169 1259 1192 ,

158 1215 271 1262 omnes
294 1219 314 1262 a
336 1197 487 1281 passione
500 1195 634 1261 Domini
655 1217 758 1281 usque
782 1196 823 1261 ad
842 1215 933 1261 suam
957 1199 1099 1260 aetatem
1123 1216 1174 1261 eo·
1258 1193 1259 1212 ¹

104 1302 138 1352 10
157 1285 412 1352 clesiasticorum
444 1288 575 1350 actuum
607 1288 721 1348 texens
752 1283 907 1350 historias
935 1285 1100 1372 multaque
1132 1284 1173 1348 ad
1258 1353 1259 1360 χ

156 1375 334 1440 utilitatem
357 1373 535 1460 legentium
554 1373 753 1456 pertinentia
772 1373 941 1438 hincinde
959 1392 1175 1458 congregans,
1258 1369 1259 1448 J

157 1464 298 1549 quinque
316 1463 418 1528 libros
436 1463 622 1547 composuit
641 1481 788 1527 sermone
806 1460 955 1546 simplici,
969 1463 1015 1544 ut,
1034 1481 1173 1546 quorum

156 1551 259 1616 vitam
278 1551 474 1634 sectabatur,
488 1550 614 1616 dicendi
627 1571 755 1635 quoque
769 1550 963 1633 exprimeret
976 1547 1174 1615 charactera.

156 1638 285 1703 Asserit
316 1659 350 1704 se
372 1639 499 1703 venisse
528 1639 589 1703 sub
611 1637 752 1704 Aniceto
774 1637 928 1722 Romam,
950 1639 1006 1723 qui
1029 1637 1174 1704 decimus

104 1743 137 1793 15
156 1729 233 1810 post
254 1725 387 1791 Petrum
410 1726 581 1812 episcopus
603 1726 681 1808 fuit,
704 1730 737 1792 et
759 1748 984 1811 perseverasse
1006 1747 1109 1810 usque
1131 1726 1174 1791 ad

156 1813 393 1900 Eleutherium,
425 1815 569 1880 eiusdem
601 1816 692 1881 urbis
724 1816 926 1901 episcopum,
958 1815 1014 1899 qui
1042 1815 1174 1881 Aniceti
1259 1829 1260 1852 ³

157 1904 321 1989 quondam
344 1903 498 1970 diaconus
521 1903 637 1968 fuerat.

135 2013 138 2020 ’
245 1991 419 2058 Praeterea
437 1991 607 2058 adversum
625 1991 714 2058 idola
732 1991 919 2078 disputans,
942 2013 1006 2077 quo
1029 1993 1174 2076 primum

157 2101 265 2145 errore
284 2081 471 2166 crevissent,
493 2080 637 2147 subtexit
660 2079 844 2166 historiam,
868 2102 906 2146 ex
930 2102 995 2166 qua
1019 2081 1174 2166 ostendit,

104 2186 139 2235 20
158 2189 222 2253 qua
239 2172 347 2236 aetate
365 2169 540 2236 floruerint
572 2169 630 2233 Ait
643 2169 744 2234 enim:
762 2169 916 2235 ‘tumulos
935 2169 1074 2236 mortuis
1092 2173 1175 2234 tem-

157 2257 276 2344 plaque
304 2257 463 2342 fecerunt,
491 2259 575 2322 siout
601 2257 697 2323 hodie
719 2257 881 2342 videmus,
909 2279 948 2324 ex
976 2257 1095 2343 quibus
1124 2263 1176 2324 est

157 2345 339 2430 Antinous,
363 2367 475 2412 servus
498 2343 656 2410 Hadriani
681 2343 844 2431 Caesaris,
871 2347 962 2412 cuius
987 2350 1020 2412 ct
1043 2348 1174 2433 gymni-
1260 2373 1261 2402 ι

159 2453 215 2498 cus
234 2453 321 2518 agon
339 2437 505 2499 exercetur
518 2432 693 2520 Antinous,
711 2435 941 2520 civitatemque
960 2457 999 2500 ex
1014 2436 1083 2500 sius
1098 2457 1174 2502 con·

158 2521 241 2586 didit
262 2522 395 2588 nomine
419 2526 452 2587 et
473 2523 651 2607 prophetas
675 2524 791 2589 statuit
813 2524 849 2588 in
870 2521 1014 2609 templo?

103 2626 138 2676 25
246 2609 425 2676 Antinoum
454 2615 562 2676 autem
590 2612 626 2676 in
657 2611 779 2678 deliciis
807 2612 962 2678 habuisse
984 2611 1177 2680 Hadrianus

159 2696 281 2766 Caesar
303 2699 462 2768 scribitur.

535 2844 617 2938 cop.
640 2809 797 2920 xxm.

246 2983 391 3048 Iustinus
415 2981 643 3069 philosophus,
671 2983 786 3049 habitu
809 3003 936 3068 quoque
958 2982 1177 3069 philosopho·

155 3092 227 3136 rum
260 3071 426 3156 incedens,
458 3070 498 3136 dc
530 3069 686 3156 Neapoli,
717 3071 798 3137 urbe
826 3069 1047 3157 Palaestinae,
1079 3076 1179 3157 patre

227 3250 245 3300 a
263 3243 376 3302 nemos
392 3245 518 3300 mortum
536 3246 580 3300 eet
597 3245 693 3300 autem
776 3251 808 3301 16
826 3246 924 3302 Bamb.
944 3247 973 3302 et
990 3245 1069 3302 Vatr
1089 3245 1177 3303 Eleu·

156 3315 259 3370 terium
297 3381 301 3390 ¹
346 3319 379 3370 18
397 3315 509 3372 Bomos
528 3315 661 3386 quoniam
747 3323 781 3372 19
800 3317 941 3373 Norimb.:
960 3317 1105 3373 subtexuit

157 3385 470 3456 21a1.2usquehodie
543 3391 577 3440 22
597 3386 647 3442 al:
672 3387 717 3442 cui
789 3393 823 3443 23
842 3388 980 3444 Nor-imb.:
1000 3388 1076 3458 apud
1095 3389 1179 3444 Anti·

159 3471 245 3512 noum
264 3456 423 3527 civitatem
442 3456 554 3513 Bamb.:
572 3457 726 3514 Antinoum
745 3458 945 3530 civitatemque
