2546 4036
538 246 575 257 ..
625 211 669 275 50
715 245 757 257 .-

504 373 585 466 cap.
613 371 800 444 axam.

231 513 397 587 Arnobius
431 512 490 576 sub
513 509 716 576 Diocletiano
749 508 894 594 principe
925 506 1035 573 Siccae
1069 507 1161 590 apud

139 602 285 667 Africam
304 600 532 667 florentissime
550 599 746 664 rhetoricam
765 597 874 670 docuit
893 597 1087 680 scripsitque
1103 596 1161 660 ad-

140 713 253 756 versus
277 695 391 778 gentes
414 689 595 772 volumina,
619 707 700 772 quae
725 687 829 772 vulgo¹
846 689 983 750 exstant.

104 895 121 951 5
513 885 586 978 Cm
623 883 784 958 LXXX

231 1025 425 1110 Firmianus,
449 1025 506 1108 qui
529 1028 563 1089 et
585 1022 784 1102 Lactantius,
807 1021 945 1086 Arnobii
968 1019 1160 1103 discipulus,

140 1116 201 1181 sub
222 1114 427 1179 Diocletiano
450 1112 596 1196 principe
616 1111 737 1176 accitus
761 1131 834 1174 oum
856 1107 969 1174 Flavio
993 1129 1160 1192 gramm-

140 1203 223 1286 tico,
246 1203 336 1266 cuius
360 1200 411 1265 ‘de
437 1199 693 1266 medicinalibus'
717 1219 811 1263 versu
831 1197 1003 1282 compositi
1025 1200 1160 1260 exstant

140 1292 225 1376 libri,
253 1288 460 1354 Nicomediae
488 1289 683 1354 rhetoricam
706 1287 817 1352 docuit
841 1293 878 1350 aa
900 1285 1036 1370 penuria
1059 1285 1157 1349 disci·

88 1397 122 1446 10
141 1381 292 1464 pulcrum
320 1379 361 1443 ob
390 1397 538 1464 graecam
565 1377 715 1442 videlicet
744 1375 908 1440 civitatem
942 1374 983 1439 ad
1013 1373 1157 1438 scriben-

141 1469 234 1543 dum⁸
252 1489 286 1532 se
319 1468 465 1533 contulit.
520 1465 686 1530 Habemus
720 1465 787 1528 eius
821 1463 1038 1547 symposium,
1069 1461 1159 1546 quod

141 1555 401 1620 adulescentulus
425 1555 555 1637 scripsit
577 1551 716 1635 Africae,
742 1556 775 1616 et
799 1547 1018 1637 ὑδοιπορικόν
1040 1549 1158 1614 Africa

140 1665 242 1727 usque
265 1641 489 1706 Nicomediam
515 1641 711 1705 hexametris
743 1640 899 1724 scriptum
928 1639 1090 1722 versibus,
1125 1643 1161 1701 et

142 1733 240 1795 alium
263 1731 397 1811 librum,
425 1729 480 1814 qui
507 1729 694 1794 inscribitur
717 1725 994 1812 ‘grammaticus',
1023 1730 1055 1790 et
1084 1727 1156 1809 pul-

90 1836 122 1884 15
143 1819 336 1884 cherrimum
360 1816 414 1882 ‘de
438 1820 487 1882 ira
510 1816 597 1900 Dei',
625 1821 658 1880 ct
686 1816 946 1881 ‘institutionum
974 1815 1158 1880 divinarum

143 1907 311 1973 adversum
335 1905 461 1992 gentes'
485 1906 586 1971 libros
611 1909 748 1989 septem,
772 1907 805 1969 et
828 1901 988 1988 ἐπιτομήν
1011 1903 1158 1967 eiusdem

143 1997 264 2079 operis,
286 1995 405 2060 librum
428 2016 529 2058 unum
553 1994 756 2078 acephalum,
772 1996 818 2058 'et
841 1992 893 2058 ‘ad
916 1990 1159 2076 Asclepiadem⁷

142 2085 245 2148 libros
268 2083 362 2167 duca,
387 2083 437 2148 ‘de
460 2081 695 2168 persecutione'
719 2081 838 2146 librum
860 2103 978 2164 unum,
1003 2079 1055 2144 ‘ad
1079 2078 1159 2144 Pro-

142 2171 232 2236 bum’
257 2171 469 2255 epistularum
492 2170 592 2236 libros
612 2175 773 2254 quattuor,
797 2169 992 2235 adeundam
1016 2167 1066 2232 ‘de
1088 2168 1159 2251 opi·

88 2277 124 2326 20
143 2261 216 2325 ficio
239 2259 301 2324 Dei
323 2261 375 2324 vel
397 2259 592 2324 formatione
614 2257 769 2323 hominis'
793 2259 911 2322 librum
935 2279 1044 2322 unum.
1091 2255 1158 2320 Hic

143 2353 285 2412 extrema
295 2351 460 2412 senectute
474 2347 631 2431 magister
642 2345 789 2412 Caesaris
800 2344 915 2431 Crispi,
925 2345 984 2408 filii
994 2343 1159 2410 Constan-

141 2437 213 2520 tini,
236 2436 270 2499 in
289 2434 398 2500 Callia
420 2433 492 2520 fuit,
516 2435 571 2520 qui
593 2439 707 2519 postea
730 2438 859 2518 epatre
882 2433 1071 2498 interfectus
1098 2436 1158 2496 est.

502 2615 800 2706 aa.LXXX1

233 2751 410 2838 Eusebius,
447 2731 622 2817 Caesareae
659 2751 863 2818 Palaestinae
899 2750 1085 2834 episcopus,
1124 2751 1159 2815 in

89 2857 125 2908 25
146 2843 313 2927 scripturis
328 2841 446 2907 divinis
466 2842 721 2906 studiosissimus
740 2843 773 2906 et
790 2839 1007 2906 bibliothecae
1026 2838 1160 2903 divinae
1270 2839 1271 2928 ,

144 2952 216 2995 cum
240 2929 421 3015 Pamphylo
449 2933 591 3014 martyre
615 2929 884 3014 diligentissimus
907 2927 1160 3012 pervestigator,

215 3107 229 3156 'l
249 3101 361 3157 Bamb.:
379 3101 481 3169 Plav03
500 3101 577 3159 Vat:
596 3103 684 3158 Favio
731 3109 764 3157 10
783 3103 894 3158 Bamb.=
908 3103 944 3158 ad
992 3106 1025 3155 12
1044 3101 1160 3156 Bamb.:

141 3173 172 3231 in
191 3172 296 3228 scholis
319 3171 431 3242 scripsit
447 3173 560 3227 Africae
623 3173 703 3246 Vatr
728 3174 920 3243 odoiporieum
988 3171 1103 3228 Bamb:
1123 3173 1159 3226 de

141 3243 238 3300 Africa
311 3248 342 3297 17
362 3243 472 3298 Bamb.:
490 3243 520 3298 in
538 3242 610 3298 libro
628 3246 681 3300 cte.
755 3251 787 3299 19
807 3245 885 3300 Vat:
904 3245 974 3308 dnos
1056 3242 1158 3298 Bamb.

140 3316 276 3370 hocloco
295 3313 388 3368 addit:
415 3313 451 3368 ad
470 3314 604 3369 Severum
627 3314 812 3384 epistularum
829 3315 917 3370 libros
936 3313 1021 3379 duos,
1046 3314 1084 3370 ad
1103 3313 1160 3369 De·

141 3385 287 3508 petrium,
306 3384 464 3440 auditorem
483 3401 572 3452 suum,
592 3383 776 3454 epistularum
794 3386 881 3442 libros
901 3385 969 3440 duos
988 3385 1017 3439 et
1035 3385 1072 3438 nd
1093 3401 1160 3440 enn-

162 3472 205 3509 em
225 3496 231 3510 .
253 3497 285 3510 ..
