2546 4036
504 259 722 323 ..51-

88 400 202 464 ‘edidit
224 399 555 478 infinitavolumina,
579 399 618 464 dc
642 401 758 484 quibus
776 399 857 464 haec
876 403 964 467 sunt:
988 394 1121 485 εὐαγγε-

98 489 194 571 leude
214 481 414 565 ἀποδείξεως
432 487 507 552 libri
520 486 592 571 XX,
612 481 828 571 εὐαγγελικῆς
845 489 1122 574 προπαρασκευῆς

99 577 177 640 libri
209 574 281 653 XV,
313 577 519 658 θεοφανείας
550 575 627 640 libri
649 574 689 660 V,
729 574 982 642 ‘ecclesiasticae
1017 577 1120 643 histo-

100 663 184 728 riae'
207 664 286 729 libri
299 663 339 747 X,
364 663 601 731 ‘chronicorum
624 685 786 730 canonum
809 665 996 729 omnimoda
1018 665 1121 731 histo-

98 752 160 818 ria'
185 756 349 816 eteorum
369 747 518 835 ἐπιτομή,
537 757 570 817 et
590 750 640 817 ‘de
665 753 909 838 evangeliorum
928 753 1119 838 dropovlu',
1139 770 1155 819 5

99 843 132 905 et
155 840 209 905 ‘in
232 839 384 905 Flsaiam'
408 840 483 904 libri
506 838 554 923 X,
577 843 610 904 et
634 840 764 906 ‘contra
788 839 1034 926 Porphyrium',
1064 844 1120 925 qui

100 929 215 994 eodem
237 933 384 1012 tempore
409 929 571 993 scribebat
593 929 627 993 in
647 926 773 1013 Sicilia,
795 929 873 993 libri
887 928 989 1014 XXV,
1013 933 1046 994 et
1067 953 1120 994 co·

99 1017 210 1082 πικῶν
232 1017 316 1082 liber
338 1038 432 1100 unus,
456 1009 637 1100 ἀπολογίας
654 1039 715 1101 pro
731 1015 870 1103 Origene
888 1017 965 1082 libri
984 1041 1048 1097 sex,
1068 1017 1119 1083 ‘de

100 1106 172 1170 vita
186 1103 362 1188 Pamphili'
382 1104 461 1169 libri
479 1109 556 1188 tres,
575 1104 626 1169 ‘de
640 1105 853 1189 martyribus'
873 1105 937 1171 alia
956 1107 1119 1190 opuscula,

100 1198 134 1258 et
157 1195 194 1258 in
218 1196 348 1258 centum
373 1193 609 1277 quinquaginta
630 1195 776 1278 psalmos
800 1194 1011 1260 eruditissimi
1034 1217 1117 1261 com·
1139 1212 1171 1260 10

99 1281 256 1347 menterii
278 1282 444 1366 multaque
464 1281 536 1345 alia.
571 1279 699 1347 Floruit
722 1283 861 1347 maxime
885 1284 944 1348 sub
960 1281 1117 1349 Constan-

98 1372 170 1436 tino
194 1371 391 1454 imperatore
415 1373 448 1434 et
471 1367 679 1453 Constantio,
703 1374 736 1434 et
759 1371 801 1436 ob
825 1371 1002 1436 amicitiam
1025 1370 1117 1436 Pam·

97 1460 181 1544 phili
206 1459 247 1523 ab
272 1479 309 1522 eo
333 1461 587 1542 cognomentum
611 1458 743 1524 sortitus
769 1463 828 1524 est.

455 1673 537 1766 cap.
565 1673 776 1744 nxxxu.

188 1811 348 1895 Retioius,
367 1809 569 1894 Aeduorum,
585 1810 619 1874 id
638 1813 702 1893 est,
722 1775 1027 1894 Augustodunensis
1050 1813 1115 1897 epi·
1136 1825 1169 1874 15

98 1922 233 1985 scopus,
262 1899 322 1964 sub
351 1897 568 1966 Constantino
597 1898 825 1963 celeberrimae
852 1897 959 1962 famae
986 1899 1116 1965 habitus

98 1994 147 2055 est
170 1989 206 2054 in
229 1987 354 2053 Galliis.
399 1985 569 2072 Leguntur
591 1985 659 2050 eius
684 1985 927 2051 ‘commentarii
949 1987 985 2050 in
1009 1985 1116 2052 Canti—

99 2099 174 2144 cum
197 2075 420 2142 Canticorum'
445 2080 478 2140 et
502 2074 590 2140 aliud
613 2074 734 2160 grande
759 2075 910 2140 volumen
934 2074 1115 2142 ‘adversum

98 2164 342 2232 Novatisnum'.
392 2163 462 2230 Nec
491 2166 620 2248 praeter
650 2163 732 2228 haec
772 2164 945 2248 quicquum
981 2185 1114 2247 operum

99 2277 165 2320 erus
189 2275 328 2338 repperi
1134 2267 1169 2315 ro

435 2415 518 2506 cap.
545 2413 803 2486 Lxxxrrr·

188 2553 392 2637 Methodius,
416 2551 547 2637 Olympi
565 2551 682 2637 Lyciae
707 2555 740 2616 et
762 2555 877 2635 postea
889 2549 969 2634 Tyri
993 2551 1115 2634 episco-

97 2667 173 2729 pus,
201 2642 299 2708 nitidi
326 2641 561 2725 compositique
589 2641 748 2706 sermonis
777 2640 947 2704 adversum
969 2636 1114 2721 Porphy-

98 2734 183 2797 rium
208 2730 347 2796 confeoit
369 2731 485 2814 libros,
508 2732 541 2794 ct
559 2728 771 2813 ‘symposium
796 2727 905 2792 decem
925 2725 1114 2809 virginum',
1188 2789 1192 2795 ,

98 2824 130 2886 et
153 2820 207 2886 ‘de
230 2817 476 2884 resurrectione'
501 2839 581 2902 opus
604 2817 770 2902 egregium
795 2819 908 2881 contra
931 2813 1114 2899 Origenem,
1133 2828 1166 2877 25

98 2912 129 2974 et
153 2909 310 2974 adversus
333 2907 471 2972 eundem
499 2905 550 2970 ‘de
572 2903 762 2987 Pitonissa',
792 2913 825 2968 et
848 2902 899 2967 ‘de
923 2901 1114 2987 autexusio',

95 2998 130 3062 in
154 2997 310 3062 Genesim
332 3016 460 3080 quoque
484 2998 517 3059 et
538 2995 574 3058 in
597 2993 770 3059 canticum
793 2990 1041 3057 commentarios
1048 3041 1057 3075 ,
1081 2995 1114 3056 et

24 3081 28 3092 ’
98 3087 204 3152 multa
228 3085 306 3168 alia,
330 3105 413 3169 quae
436 3083 534 3168 vulgo
557 3082 756 3148 lectitantur.
788 3080 841 3145 Ad
860 3084 1038 3146 extremum
1057 3099 1114 3144 no-

96 3175 250 3241 vissimae
282 3172 530 3257 persecutionis,
558 3173 596 3235 ut
623 3170 679 3235 alii
709 3168 895 3254 adfirmant,
926 3170 985 3234 sub
1013 3167 1112 3232 Decio

168 3373 183 3422 1
204 3361 389 3434 εὖαγγελικής
404 3407 410 3419 .
427 3407 432 3419 .
449 3404 455 3416 .
471 3363 523 3417 XX
541 3363 621 3417 deest
638 3361 668 3415 in
686 3360 784 3415 Bamb.
863 3366 878 3413 2
897 3358 1007 3412 Bamb:
1027 3349 1113 3423 εὐαγ-

867 3424 875 3444 2

96 3437 210 3507 γελιπῆς
228 3437 399 3504 contritior
417 3433 600 3503 παρασκευῆς
689 3437 724 3486 26
742 3430 820 3486 Vct:
839 3427 1023 3492 αυτεξουσίου

96 3515 130 3565 27
149 3507 266 3564 Bamb.:
285 3506 427 3562 canticum
445 3503 617 3561 canticorum
689 3506 723 3556 29
741 3500 853 3554 Banu:
871 3499 930 3552 sive
947 3497 980 3550 ut

859 3589 897 3637 4*
