2552 4048
594 237 815 301 ..9οκ

195 379 365 445 homiliam
389 377 440 442 ‘dc
462 377 566 443 natali
587 376 741 460 Domini,
763 377 916 443 homilias
940 381 973 442 et
996 376 1047 442 ‘de
1065 376 1213 462 Epipha-
1265 413 1266 448 l

195 465 263 532 nia'
293 470 326 531 et
354 466 405 532 ‘de
425 465 560 550 -pascha'
590 471 623 531 et
651 465 701 530 ‘de
724 465 926 532 Pentecoste'
955 467 1075 530 multas
1105 471 1137 531 et
1160 465 1215 532 ‘de

195 555 344 622 hostibus
369 555 554 620 carnalibus
576 577 644 620 non
661 552 835 636 timendis',
859 553 908 618 ‘de
932 555 1047 640 gratiis
1069 559 1146 639 post
1169 557 1215 621 ci-

195 645 274 710 bum
302 643 372 708 Deo
405 643 562 728 agendis’‚
586 642 641 707 ‘de
676 643 876 728 paenitentia
903 641 1151 726 Ninivitarum',
1181 649 1217 709 et

161 733 315 798 tmultas
349 733 430 797 alias
463 732 531 796 eius
557 731 710 796 homilias
743 732 782 796 de
810 731 945 796 diversis
973 733 1079 796 causis
1107 733 1216 800 editas

196 821 277 907 legi,
300 843 381 907 quas
404 842 463 885 nec
485 821 618 886 retineo.
655 818 795 884 Moritur
809 818 957 885 Honorio
981 823 1014 885 et
1027 819 1214 888 Theodosio

195 909 320 975 iuniore
343 913 508 994 regnante.

587 1073 669 1163 Oop.
700 1032 826 1142 XLII.

284 1209 456 1275 Petronius
471 1209 688 1276 Bononiensis
709 1209 889 1293 episcopus,
907 1209 956 1273 vir
975 1212 1106 1274 sanotae
1125 1211 1215 1275 vitae

143 1317 177 1366 10
196 1302 229 1362 et
260 1297 495 1364 monachorum
528 1297 644 1363 studiis
681 1298 722 1362 ab
755 1297 973 1362 adulescentia
1005 1299 1214 1384 exercitabas,
1265 1325 1266 1380 r

197 1387 364 1470 scripsisse
387 1391 521 1472 putatur
543 1387 630 1452 vitas
653 1389 783 1470 petrum
802 1383 945 1470 Aegypti
968 1385 1214 1472 monachorum,

196 1498 276 1560 quas
308 1474 398 1541 velut
430 1474 597 1560 speculum
635 1496 672 1539 ac
703 1496 852 1538 normam
883 1473 1094 1558 professionis
1132 1497 1212 1540 suae
1265 1461 1266 1538 l

196 1564 347 1629 monachi
371 1564 617 1648 amplectuntur.
652 1563 734 1648 Legi
757 1563 817 1627 sub
841 1562 909 1626 eius
932 1563 1064 1627 nomine
1089 1562 1140 1628 ‘de
1161 1587 1213 1630 or·
1265 1559 1266 1622 l

196 1652 362 1716 dinatione
377 1651 532 1736 episeopi'
548 1652 674 1716 ratione
693 1654 727 1716 et
740 1651 925 1716 humilitate
940 1651 1071 1735 plenum
1090 1654 1213 1718 tracta-
1265 1631 1266 1718 l

145 1757 177 1806 15
196 1745 279 1824 tum,
304 1763 401 1826 quam
424 1741 539 1826 lingua
561 1741 742 1825 elegantior
761 1739 906 1805 ostendit
923 1761 991 1804 non
1008 1739 1112 1822 ipsius
1132 1763 1215 1827 esse,

197 1830 252 1894 sed
280 1833 318 1894 ut
345 1830 476 1914 quidam
504 1829 628 1912 dicunt,
655 1828 758 1912 patris
787 1829 869 1911 eius,
898 1829 1156 1913 eloquentissimi
1180 1835 1214 1896 et

196 1917 406 1984 eruditissimi
434 1919 470 1983 in
499 1918 717 1984 saecularibus
747 1917 865 1981 litteris
895 1917 965 1982 viri.
1009 1915 1054 1982 m
1081 1919 1214 1984 creden·
1265 1917 1266 1926 ’

197 2007 281 2071 dum.
326 2005 413 2072 Nam
436 2011 470 2072 et
491 2007 690 2090 praefectum
712 2005 876 2089 praetorio
899 2004 999 2070 fuisse
1023 2027 1057 2070 se
1081 2007 1213 2090 inipso

195 2099 336 2160 tractatu
360 2097 517 2181 designat.
563 2095 702 2160 Moritur
725 2093 908 2159 Theodosio
932 2098 965 2158 et
978 2092 1213 2160 Valentiniano
1265 2097 1266 2176 l

142 2199 177 2248 ao
195 2185 417 2268 regnantibus.
519 2208 528 2214 ·

573 2345 654 2436 Cup.
685 2344 834 2416 XLIII.

284 2482 436 2568 Pelagius
458 2481 690 2566 heresiarches,
714 2487 887 2567 antequam
910 2484 1103 2566 proderetur
1120 2483 1214 2548 here-

194 2571 278 2636 ticus
307 2593 391 2652 esse,
421 2571 550 2655 scripsit
578 2570 730 2636 studiosis
758 2572 956 2637 necessaria:
988 2576 1054 2636 tres
1083 2572 1124 2636 de
1148 2573 1211 2636 fide
1265 2569 1266 2606 l

196 2659 365 2725 Trinitatis
389 2660 489 2725 libros
518 2663 549 2724 et
577 2681 636 2743 pro
664 2660 784 2725 actuali
811 2661 1057 2726 eonversttione
1080 2662 1209 2746 ecloga·

140 2763 176 2813 25
194 2771 266 2813 rum
299 2769 338 2813 ex
370 2749 487 2815 divinis
522 2749 690 2832 scripturis
718 2749 837 2813 librum
864 2771 965 2813 uuum
993 2749 1211 2832 capitulorum

268 2930 281 2978 1
301 2925 412 2980 Bamb.:
431 2923 605 2994 theophania
699 2927 715 2976 5
734 2921 846 2976 Bamb.:
865 2923 900 2978 de
919 2922 1037 2978 diversis
1056 2923 1116 2992 legi

194 2994 332 3048 Norimb.:
354 2996 466 3050 habitas
561 3001 576 3050 6
596 2993 661 3049 Vat.
681 2995 711 3048 et
728 2991 839 3048 Bamb.:
859 3010 931 3062 quae
1027 2999 1042 3048 7
1061 2991 1161 3049 Bamb.
1180 2995 1213 3048 et

194 3064 334 3120 Norimb.:
353 3066 535 3136 regnantibus
635 3071 668 3120 14
687 3063 827 3120 Norimb.:
847 3070 876 3119 et
894 3064 1071 3120 humanitate
1090 3065 1139 3119 val

196 3139 228 3188 15
248 3134 326 3190 Vat:
344 3137 458 3206 linguae
477 3137 619 3206 elegantia
692 3141 724 3190 16
744 3134 841 3190 Bamb.
866 3137 895 3190 et
913 3135 1040 3190 Norimb.
1059 3137 1211 3206 repetunt:

177 3205 321 3261 'Petronii
403 3211 435 3260 17
454 3207 525 3260 haec
548 3207 650 3260 desunt
671 3205 702 3260 in
720 3205 846 3262 Norimb.
930 3211 962 3260 18
981 3205 1078 3260 Bamb.
1105 3208 1135 3261 et
1152 3206 1211 3260 No-

193 3277 288 3330 rimb.:
307 3275 443 3346 praetorii
507 3276 615 3332 ‘fuisse’
632 3277 711 3332 deest
728 3277 758 3331 in
778 3276 841 3332 Vat.
908 3283 940 3331 19
954 3277 1095 3332 Norimb.:
1115 3277 1211 3331 'Pheo-

194 3347 272 3402 dosio
286 3347 400 3404 Arcadii
414 3347 485 3415 fili03
503 3346 615 3403 Bamb.:
630 3345 787 3402 Theodosio
802 3349 831 3402 et
844 3347 957 3417 placido
966 3348 1028 3402 Vel.
1066 3354 1100 3402 23
1123 3347 1210 3403 ‘esse'

195 3419 321 3541 decultin
338 3419 434 3474 bamb.
455 3420 484 3474 et
501 3417 627 3474 Norimb.
726 3418 866 3474 Norimb.:
885 3419 1017 3474 studiosis
1035 3417 1104 3474 viris

195 3494 230 3542 24
272 3491 359 3545 amb:
378 3493 444 3546 actu
463 3491 492 3546 et
