2552 4048
502 321 539 330 -
588 286 631 350 55
680 321 718 330 ..

488 429 571 521 Cup.
602 415 739 502 XCIV.

17 637 18 654 ἶ
186 566 355 650 Asterius,
387 566 528 631 Arianae
551 565 766 651 philosophus
789 567 956 651 factionis,
989 565 1120 650 scripsit

98 659 258 740 regnante
283 653 477 721 Constantio
505 655 540 720 in
569 655 740 738 epistulam
767 656 808 720 ad
830 653 995 721 Romanos
1028 658 1061 718 et
1083 655 1118 717 in

99 743 272 828 evangelia
301 746 335 808 et
360 743 395 808 in
418 743 562 827 psalmos
587 745 836 808 commentarios
861 747 894 808 et
916 744 1019 809 multa
1043 742 1117 825 alia,

99 853 182 915 quae
207 853 228 896 a
256 853 334 897 suae
356 833 460 916 partis
483 831 669 897 hominibus
694 831 931 897 studiosissime
953 833 1115 915 leguntur.
1136 845 1152 893 o

497 1012 579 1104 cap.
611 1011 725 1084 nou
764 981 767 986 ’

189 1147 334 1234 Lucifer,
362 1147 570 1214 Caralitanus
595 1149 764 1234 episcopus
789 1171 862 1214 eum
885 1149 1061 1216 Pancratio
1085 1151 1118 1212 et

100 1235 238 1320 Hilario,
257 1236 424 1303 Romanae
443 1238 596 1304 ecclesiae
615 1238 738 1304 clericis
758 1237 799 1304 ad
813 1236 1041 1304 Constantium
1059 1236 1118 1300 im·

100 1328 285 1409 peratorem
309 1325 477 1392 aLiberio
501 1327 653 1411 episcopo
676 1349 736 1410 pro
755 1327 817 1392 fide
839 1328 966 1413 legatus
989 1326 1119 1407 missus,

100 1436 173 1478 cum
197 1413 303 1479 nollet
326 1414 386 1479 sub
409 1415 541 1480 nomine
564 1415 741 1479 Athanasii
762 1414 940 1482 Nicaenam
964 1412 1118 1477 damnare
1139 1428 1172 1476 10

100 1502 212 1586 fidem,
235 1502 272 1566 in
294 1501 514 1568 Palaestinam
541 1504 704 1588 relegatus
731 1504 831 1568 mirae
860 1502 1062 1569 constantiae
1086 1503 1119 1564 et

101 1591 289 1674 praeparati
322 1590 423 1656 animi
451 1590 492 1655 ad
521 1591 715 1676 martyrium
748 1596 860 1657 contra
888 1589 1120 1657 Constantium

102 1679 332 1762 imperatorem
355 1680 485 1764 scripsit
512 1679 631 1746 librum
655 1681 747 1764 eique
770 1680 943 1766 legendum
966 1677 1056 1743 misit
1081 1697 1119 1741 ac

95 1788 167 1832 -non
191 1767 297 1832 multo
320 1770 396 1851 post
418 1769 479 1832 sub
502 1768 630 1833 Iuliano
652 1769 798 1852 principe
820 1789 968 1834 reversus
992 1764 1118 1832 Caralis

101 1853 337 1921 Valentiniano
360 1860 517 1941 regnante
541 1857 633 1922 obiit.
1141 1866 1174 1916 15

468 1999 572 2127 'cap
603 2035 740 2108 nour.

190 2171 369 2258 Eusebius,
391 2174 524 2239 natione
548 2171 668 2238 Sardus
693 2178 726 2239 et
748 2195 788 2239 ex
809 2173 932 2237 lectore
950 2171 1040 2236 urbis
1054 2169 1121 2237 Ro·

101 2283 173 2325 mae
196 2259 416 2326 Vercelleusis
446 2262 631 2347 episcopus,
663 2263 705 2328 ob
734 2261 970 2328 confessionem
997 2257 1071 2323 fidei
1101 2280 1122 2324 a

103 2347 298 2415 Constantio
323 2349 466 2434 principe
485 2348 710 2435 scythopolim
733 2354 766 2416 et
788 2349 863 2415 inde
879 2347 1117 2432 Cappadociam

102 2438 267 2522 relegatus
303 2438 363 2503 sub
391 2437 518 2503 Iuliano
542 2439 737 2524 imperatore
767 2438 808 2504 ad
831 2437 1001 2503 ecclesiam
1025 2457 1117 2500 suam
1137 2449 1171 2497 20

103 2548 251 2590 reversus
282 2529 331 2592 cst
360 2526 524 2610 ediditque
551 2528 585 2592 in
612 2529 758 2612 psalmos
782 2525 1030 2592 commentarios
1053 2523 1118 2589 Eu-

105 2614 187 2678 sebii
211 2612 449 2694 Caesariensis,
475 2637 556 2700 quos
584 2616 624 2680 de
647 2637 764 2702 graeco
791 2616 826 2679 in
853 2615 992 2680 latinum
1015 2617 1120 2678 verte-

103 2706 166 2785 rat,
195 2706 229 2766 et
252 2705 398 2768 mortuus
430 2708 480 2769 est
503 2703 736 2770 Valentiniano
761 2707 795 2769 et
816 2702 956 2768 Valente
979 2721 1120 2786 regnan-

103 2790 201 2858 tibus.
346 2879 349 2884 Ι

479 2883 561 2974 Cap.
593 2884 753 2956 XCVII.
1139 2907 1174 2954 aa

192 3019 463 3104 Fortunatianus,
485 3021 618 3086 natione
643 3019 730 3105 Afer,
754 3019 972 3104 Aquileiensis
996 3018 1121 3102 episco-

104 3131 178 3192 pus,
211 3109 393 3194 imperante
422 3107 617 3176 Constantio
635 3110 680 3174 -in
708 3109 877 3194 evangelia
906 3107 1011 3172 titulis
1037 3106 1121 3172 ordi·

105 3199 191 3262 natis
224 3197 338 3263 breves
372 3219 519 3262 sermone
547 3197 669 3262 rustico
698 3198 829 3282 scripsit
863 3195 1121 3276 commentarios,

106 3290 138 3348 et
159 3286 196 3350 in
217 3285 280 3351 hoc
302 3285 442 3350 habetur
464 3285 677 3370 detestabilis,
701 3285 787 3370 quod
801 3285 980 3366 Liberium,
999 3282 1121 3345 Roma-

177 3464 193 3514 e
213 3459 291 3515 uses
310 3459 416 3530 aymo
477 3465 524 3526 ,ιο
542 3459 620 3515 vae:
640 3459 783 3514 amam
859 3461 894 3512 rs
914 3437 1024 3510 samus
1043 3453 1125 3508 crevi

107 3528 267 3599 rusticoque
339 3531 448 3586 Bamb.:
473 3529 642 3599 conscripsit
