2552 4048
489 289 730 352 -103-

96 432 165 513 tas,
189 451 270 514 quas
286 451 306 493 a
323 429 479 494 fratribus
499 429 612 494 salutis
631 430 781 514 propriae
801 430 948 496 sollicitis
967 431 1002 494 in
1015 429 1116 496 libros

96 517 242 603 digestas
267 518 389 583 servari
412 517 559 604 cognovi.
1119 525 1121 528 ⁴

460 734 543 826 Cup.
571 733 759 806 LXXIX.

187 869 355 944 Voconius
369 869 558 956 Castellani,
575 871 792 937 Mauritaniae
810 872 929 956 oppidi,
947 873 1116 957 episcopus

98 959 230 1042 scripsit
243 959 398 1024 adversus
417 961 570 1026 ecelesiae
588 961 747 1044 inimicos,
765 961 902 1026 Iudaeos
922 965 955 1026 et
968 962 1117 1044 Arianos,
1154 963 1170 1012 5

98 1051 131 1111 et
154 1047 236 1112 alios
260 1048 428 1113 hereticos.
473 1047 665 1134 Composuit
692 1049 791 1114 etiam
813 1049 1115 1116 ‘sacramentorum'

97 1136 267 1222 egregium
290 1137 445 1203 libellum.

475 1335 557 1426 esp.
586 1317 750 1407 cxxx.

187 1471 355 1556 Musaeus,
378 1471 592 1537 Massiliensis
622 1474 775 1540 ecelesiae
802 1473 982 1558 presbyter,
1008 1473 1059 1538 vir
1081 1474 1117 1538 in

98 1562 218 1627 divinis
248 1561 415 1646 seripturis
444 1560 557 1626 doetus
588 1565 621 1626 et
647 1562 682 1626 in
709 1583 820 1628 earum
844 1562 991 1628 sensibus
1015 1563 1170 1627 subu-10

98 1651 225 1716 lissima
249 1649 477 1714 exercitatione
495 1649 641 1734 limatus,
664 1651 778 1738 lingua
797 1673 923 1737 quoque
947 1651 1116 1716 scholasti-

98 1761 156 1804 cus
173 1739 310 1804 hortatu
333 1737 438 1803 sancti
453 1736 587 1803 Venerii
610 1740 755 1824 episcopi
779 1741 939 1824 excerpsit
957 1761 996 1803 ex
1016 1741 1116 1804 sacris

98 1827 270 1911 seripturis
297 1826 451 1892 lectiones
479 1827 582 1892 totius
615 1828 693 1891 anni
719 1828 844 1893 festivis
872 1827 984 1892 diebus
1012 1831 1116 1911 aptas,

98 1915 308 2000 responsorio
323 1915 421 1980 etiam
435 1915 634 1999 psalmorum
649 1916 793 1999 capitula
806 1915 946 2000 tempori
960 1917 993 1980 et
1006 1915 1116 1981 lectio·

98 2005 197 2069 nibus
225 2003 447 2089 congruentia.
505 2003 598 2080 Quod
631 2026 711 2088 opus
744 2007 814 2068 tam
845 2003 1062 2068 necessarium
1096 2009 1169 2068 a15

97 2093 277 2158 lectoribus
300 2093 334 2156 in
358 2091 493 2157 ecelesia
519 2091 684 2176 probatur,
712 2096 749 2156 ut
773 2092 951 2176 expetitum
974 2096 1007 2156 et
1030 2092 1116 2157 solli·

98 2181 278 2246 citudinem
300 2181 397 2245 tollat
420 2185 453 2245 et
475 2201 603 2246 moram
621 2181 778 2266 plebique·
791 2181 919 2266 ingerat
937 2181 1117 2264 scientiam,

99 2269 284 2335 celebritati
307 2269 464 2335 decorem.
512 2267 574 2334 Sed
602 2275 635 2334 et
662 2269 703 2334 ad
726 2291 898 2354 personam
923 2269 1028 2334 saneti
1051 2269 1115 2334 Eu-

99 2358 219 2424 stachii
246 2358 402 2441 episcopi,
430 2359 626 2424 successoris
655 2358 856 2443 supradicti
879 2357 1020 2423 hominis
1043 2355 1114 2442 Dei,

99 2444 407 2512 ‘sacramentorum'
434 2447 601 2532 egregium
634 2451 667 2512 et
698 2469 765 2513 non
792 2468 927 2532 parvum
955 2446 1116 2530 volumen,
1135 2453 1170 2502 20

98 2557 158 2620 per
186 2534 335 2600 membra
363 2534 491 2620 quidem
519 2557 579 2618 pro
608 2537 853 2620 opportunitate
880 2535 1061 2600 officiorum
1084 2540 1118 2600 εὴ

97 2627 298 2709 temporum,
325 2645 384 2707 pro
411 2623 589 2689 lectionum
616 2627 707 2688 textu
738 2623 1004 2708 psalmorumque
1035 2625 1117 2688 serie

98 2717 133 2776 et
157 2713 344 2778 cantatione
367 2712 555 2794 discretum,
584 2711 639 2776 sed
668 2711 870 2796 supplicandi
893 2709 963 2776 Deo
987 2716 1020 2775 et
1043 2733 1116 2777 eon·

95 2799 243 2866 testandi
266 2801 422 2866 beneficia
444 2801 513 2865 eius
537 2801 701 2865 soliditate
725 2800 775 2865 sui
798 2803 1042 2864 contenaneum.

191 2888 263 2966 Quo
292 2910 388 2972 opere
417 2889 600 2974 gravissimi
629 2909 742 2953 sensus
777 2891 810 2952 et
842 2888 1020 2973 castigatae
1049 2888 1114 2954 elo·
1135 2894 1169 2943 25

100 2977 254 3062 quentiae
288 2977 480 3062 agnovimus
513 2978 628 3042 virum.
673 2975 835 3042 Homilias
868 2976 967 3040 etiam
1000 2976 1116 3042 dieitur

100 3066 315 3150 declamasse,
343 3087 423 3150 quas
453 3069 486 3130 et
513 3066 627 3130 haberi
651 3087 671 3129 a
692 3064 840 3130 fidelibus
864 3063 942 3128 viris
966 3067 1115 3150 cognovi,

175 3259 319 3328 1Bamb.:
340 3257 420 3312 libris
529 3265 546 3312 4
564 3256 660 3314 Rern:
683 3255 835 3325 Buconius3
864 3255 977 3312 Bamb.:
996 3257 1116 3312 Victori-

102 3346 154 3384 nus
246 3335 280 3383 10
299 3327 394 3384 Beru:
418 3328 602 3384 subtilissima
621 3329 743 3398 quadam
761 3327 962 3383 exercitatione
980 3325 1117 3382 imbuitur

175 3406 207 3455 17
232 3416 354 3470 moram,
381 3415 453 3468 quae
478 3399 643 3455 Germanice
670 3400 785 3455 dicitur:
805 3397 1027 3468 „La'ngeweile“

106 3474 138 3522 18
156 3471 267 3527 Bsmb:
287 3470 385 3526 decore
441 3476 476 3524 24
494 3469 607 3524 Bamb.:
626 3470 776 3538 beneficio;
796 3469 846 3525 al:
864 3467 1064 3524 beneficiorum

104 3537 200 3598 Bamb.
220 3546 250 3598 et
267 3541 362 3597 Rern:
382 3539 533 3598 soliditatis
552 3557 619 3596 suae
