2546 4036
526 241 743 307 ..52-

127 385 363 540 divaderimo
398 386 432 449 in
455 382 608 450 Chalcide
636 381 790 448 Graeciae
823 380 980 464 martyrio
1009 399 1147 445 corona·

166 496 262 540 ses.

470 652 552 742 cap.
580 648 805 722 rxxxru

218 811 391 891 Iuvencus,
409 805 605 872 nobilissimi
623 804 752 890 generis
766 802 949 886 Hispanus,
967 801 1149 886 presbyter,

96 902 285 1053 span..
308 895 479 1050 ⁹i²¹²³⁰¹i³
500 889 1148 1048 llolfflllls‘zllltrltdlt:

131 1010 220 1141 nldffa
242 1005 546 1140 ddddrdrddlestrduad
570 1001 1019 1136 sacramentorumpordinbm
1047 1066 1148 1151 perti·

131 1164 254 1230 nentia.
298 1161 425 1226 Floruit
448 1159 509 1226 sub
533 1157 749 1225 Constantino
772 1157 927 1242 principe.

485 1375 567 1466 Gap.
595 1371 798 1446 LXXXV.

85 1553 118 1602 10
225 1531 436 1613 Eustathius,
458 1550 577 1615 genere
599 1527 826 1613 Pamphylius,
850 1526 975 1594 Sidetas
1007 1526 1150 1612 primum

133 1623 276 1687 Beroeae
310 1618 435 1701 Syriae,
473 1617 586 1681 deinde
618 1616 813 1682 Antiochiae
846 1616 1031 1700 episcopus,
1064 1615 1150 1680 rexit

135 1709 305 1774 ecclesiam
332 1711 366 1771 εὴ
393 1705 547 1770 adversus
571 1703 769 1770 Arianorum
792 1704 911 1789 dogma
934 1705 1040 1768 multa
1063 1726 1150 1769 com-

134 1819 259 1882 ponens
283 1796 344 1862 snb
367 1793 560 1861 Constantio
582 1793 728 1879 principe
750 1793 864 1878 pulsus
887 1793 992 1858 estin
1017 1793 1151 1857 exilium
1271 1825 1272 1842 .

135 1885 381 1970 Traianopolim
403 1883 629 1966 Thraciarum,
657 1882 714 1946 ubi
743 1886 776 1947 et
797 1903 898 1966 usque
921 1881 1017 1946 hodie
1041 1881 1150 1947 condi·

84 1993 116 2042 15
134 1980 188 2040 tus
211 1977 268 2040 est.
313 1973 456 2038 Exstant
478 1973 546 2036 eius
569 1970 734 2036 volumina
758 1968 808 2034 ‘de
827 1968 957 2055 anima',
981 1969 1032 2034 ‘de
1053 1990 1150 2056 enga-

136 2061 323 2146 strimytho'
342 2058 432 2148 (περὶ
451 2055 735 2144 ἐγγαστριμύθου)
755 2057 937 2123 ‘adversum
951 2057 1153 2144 Origencm',
1270 2115 1271 2130 ,

136 2154 169 2216 et
191 2151 338 2216 infinitae
362 2149 531 2234 epistulae,
553 2169 634 2232 quas
658 2168 844 2212 enumerare
868 2148 1004 2233 longum
1028 2151 1089 2212 est.

476 2363 559 2454 cap.
586 2361 811 2434 LXXXVI.

225 2516 410 2602 Marcellus,
433 2518 628 2601 Ancyranus
651 2517 834 2602 episcopus,
858 2518 918 2583 sub
933 2515 1151 2584 Constantino

85 2627 119 2676 20
139 2607 172 2670 et
194 2603 387 2671 Constantio
410 2606 609 2691 principibus
631 2605 742 2671 floruit
763 2605 931 2690 multaque
950 2606 1151 2672 diversarum

138 2688 336 2760 ὑποθέσεων
354 2695 486 2780 scripsit
501 2695 666 2760 volumina
684 2697 717 2758 et
730 2695 870 2759 maxime
890 2693 1044 2761 adversus
1057 2694 1151 2762 Aria-

138 2805 209 2848 nos.
245 2781 407 2848 Feruntur
430 2785 544 2850 contra
561 2781 647 2848 hunc
665 2780 793 2847 Asterii'
806 2785 840 2848 et
852 2781 1050 2868 Apollinarii
1067 2784 1153 2867 libri,

140 2870 344 2936 Sabellianae
368 2893 442 2938 cum
462 2872 614 2936 hereseos
639 2875 819 2956 arguentes.
865 2869 929 2937 Sed
951 2875 985 2936 et
1006 2871 1152 2938 Hilarius
1268 2873 1269 2890 ²

139 2960 173 3022 in
192 2960 330 3044 septimo
351 2958 516 3026 ‘adversus
531 2958 686 3024 Arianos'
710 2959 793 3025 libro
812 2959 954 3026 nominis
975 2961 1044 3026 eius
1060 2961 1152 3045 quasi

86 3069 119 3118 25
138 3047 272 3111 heretici
291 3049 447 3114 meminit
483 3049 585 3114 Porro
603 3048 660 3112 illc
679 3047 822 3112 defendit
840 3069 873 3113 se
892 3070 960 3114 non
979 3070 1050 3114 esse
1074 3050 1152 3134 dog·
1267 3043 1268 3132 l

138 3134 249 3219 matis,
277 3134 368 3199 cuius
396 3136 620 3220 accusabatur,
645 3137 871 3202 communione
894 3136 969 3202 Iulii
992 3141 1025 3202 et
1047 3137 1153 3203 Atha·
1267 3135 1268 3180 ³

138 3223 236 3307 nasii,
260 3221 426 3288 Romanae
449 3226 483 3288 et
505 3222 742 3288 Alexandrinae
765 3225 855 3290 urbis
878 3225 1080 3310 pontificum.

212 3418 245 3467 10
264 3413 377 3468 Bamb.:
396 3413 499 3468 Sidites
566 3420 599 3468 11
619 3414 698 3470 Vae:
716 3417 821 3472 Bareas
889 3423 923 3472 26
943 3416 1053 3472 Bambr
1073 3434 1156 3473 accu-

140 3483 217 3535 satur
287 3483 389 3540 Bamb:
407 3483 457 3539 sed
475 3484 670 3541 communione
743 3487 822 3542 Vnt:
841 3487 983 3543 Anastasii
