2552 4048
544 281 763 345 ..24-

144 443 207 506 tur.
253 439 427 517 ‘Quoniam
459 462 534 505 vero
568 461 629 524 ego
662 441 806 505 sentiens
837 459 890 504 me
918 461 937 504 a
963 439 1057 505 vobis
1087 461 1160 504 oon-

145 529 279 612 cepisse,
298 529 425 594 decrevi
438 529 548 613 potius
562 530 647 593 velle
666 529 701 592 in
714 528 793 593 urbe
806 527 956 592 Romana
969 528 1005 592 in
1022 549 1160 612 pauper-

143 621 212 682 tate
238 619 341 685 vitam
369 617 484 682 ducere
512 621 546 683 et
573 617 612 682 de
640 618 807 682 laboribus
834 637 988 681 manuum
1014 637 1160 681 mearum

143 706 268 770 victum
295 727 449 790 quaerere
478 728 575 790 quam
599 706 639 771 ad
664 706 809 770 natalem
833 706 972 789 patriam
995 705 1103 770 redire
1126 708 1161 770 et
1206 706 1211 712 “

143 794 265 858 ibidem
287 795 372 859 inter
396 795 517 859 amicos
537 799 571 859 et
587 799 684 860 notos
708 795 857 878 quamvis
877 794 947 858 sine
965 797 1187 878 paupertates

144 887 265 954 etcum
278 884 534 949 necessariorum
550 883 744 949 sufficientia
759 885 934 966 perpetuae
948 882 1159 947 verecundiae

142 971 295 1036 ruborem
332 973 500 1038 sustinere.
550 972 595 1038 Et
622 971 694 1036 ideo
726 993 766 1036 ex
796 974 875 1036 tunc
905 971 1069 1055 praeelegi
1105 970 1159 1034 bic

142 1080 273 1124 manere
301 1063 334 1124 et
356 1061 463 1125 mansi
485 1082 587 1144 usque
614 1061 650 1124 in
675 1059 867 1125 hodiernum
890 1059 976 1124 diem
999 1063 1033 1124 et
1055 1059 1159 1123 filium

142 1169 250 1212 mcum
265 1147 517 1214 Constantinum
532 1148 571 1214 de
585 1149 735 1226 manibus
750 1170 807 1213 seu
821 1148 988 1213 laboribus
1002 1168 1158 1212 manuum

142 1257 289 1300 mearum
316 1237 473 1325 educavi·
499 1237 677 1322 Usquequo
705 1236 769 1302 duo
796 1239 993 1301 mercatores
1015 1235 1159 1301 Romani
1174 1254 1199 1292 10

141 1323 250 1408 ipsum
277 1325 359 1390 mihi
389 1325 504 1390 furtim
537 1325 721 1390 auferentes
749 1325 790 1389 ad
822 1325 953 1390 domum
985 1345 1074 1390 suam
1108 1346 1158 1388 re·

142 1417 296 1497 ceperunt
333 1417 366 1478 et
402 1415 620 1480 educaverunt
650 1435 709 1498 per
741 1414 867 1497 aliquos
904 1433 1020 1497 annos,
1056 1413 1158 1478 donec

141 1501 248 1583 ipsum
281 1501 321 1566 ad
359 1525 461 1568 annos
499 1503 677 1568 iuventutis
712 1502 904 1586 perductum
941 1523 1050 1566 seeum
1085 1523 1158 1584 per·

141 1587 301 1654 duxerunt
332 1590 373 1654 ad
397 1589 566 1654 Graeciam
589 1595 622 1655 et
650 1591 771 1655 ibidem
793 1590 895 1654 filium
919 1593 1063 1655 vestrum
1085 1591 1157 1654 fore

140 1675 283 1742 dicentes
315 1677 402 1742 filiae
434 1679 638 1762 imperatoris
671 1677 868 1744 Graecorum
900 1679 953 1743 hic
990 1679 1158 1763 praesenti
1172 1694 1198 1735 1⁵

140 1766 288 1848 copulari
319 1767 606 1832 matrimonialiter
641 1770 897 1851 procuraverunt
928 1772 962 1832 et
997 1767 1071 1831 inde
1107 1789 1157 1832 re·

140 1854 289 1919 cedentes
321 1855 474 1940 ipsosque
502 1877 610 1920 seeum
638 1858 736 1938 prout
764 1878 783 1919 a
812 1855 906 1920 vobis
933 1856 968 1920 in
993 1855 1157 1920 mandatis

141 1963 175 2005 se
202 1943 363 2025 recepisse
390 1943 636 2010 affirmaverunt
662 1943 873 2028 perducentes
904 1965 959 2009 eos
989 1943 1030 2008 ad
1057 1965 1158 2029 quan·

140 2029 215 2095 dam
238 2031 379 2097 insulam
402 2035 439 2096 ut
461 2032 583 2096 ibidem
604 2031 690 2097 fame
712 2032 932 2097 interficerent
950 2032 1158 2098 collocabant

139 2122 173 2182 et
199 2119 280 2202 ipsis
309 2118 542 2185 dormientibus
572 2124 605 2185 et
631 2121 859 2205 ignorantibus
881 2120 1001 2185 ibidem
1029 2121 1155 2186 relictis
1170 2139 1196 2178 ²⁰

139 2206 180 2270 ad
206 2206 346 2272 Romam
375 2230 446 2273 oum
475 2209 542 2273 suis
572 2209 709 2273 navibus
742 2209 864 2274 reversi
898 2210 981 2274 clam
1013 2209 1157 2275 fuerunt.

137 2292 226 2360 Deus
251 2299 360 2360 autem
379 2299 584 2380 omnipotens
603 2297 659 2382 qui
676 2319 841 2382 nunquam
864 2297 1007 2363 deseruit
1025 2321 1156 2382 speran-

136 2385 188 2446 tes
225 2384 260 2447 in
297 2404 331 2448 se
369 2386 487 2468 quique
521 2383 702 2448 Susannam
736 2386 774 2449 de
806 2386 957 2450 manibus
990 2386 1156 2471 iniquissi-

137 2492 264 2535 morum
287 2470 429 2536 iudicum
448 2477 483 2536 et
501 2470 673 2536 Danielem
691 2473 730 2538 de
749 2474 822 2539 lacu
841 2475 972 2540 leonum
991 2475 1157 2558 liberavit,

137 2558 249 2623 volens
276 2559 465 2624 innocentes
493 2582 701 2644 praeservare
728 2563 861 2628 iuvenes
889 2563 967 2628 fecit
995 2563 1155 2648 quosdam
1169 2580 1195 2621 2⁵

137 2646 241 2712 bonos
263 2646 412 2713 homines
432 2671 505 2713 eum
524 2649 589 2714 suis
608 2649 747 2715 navibus
767 2651 871 2716 diotae
894 2651 1019 2716 insulae
1038 2673 1156 2736 appro-

136 2735 294 2820 pinquare
318 2740 351 2801 et
373 2758 439 2802 non
462 2737 531 2802 sine
553 2759 630 2802 suae
653 2739 876 2822 dispositionis
896 2739 1070 2804 clementia
1092 2740 1155 2805 ibi-

137 2823 211 2888 dem
233 2825 419 2909 pervenire3
441 2826 497 2910 qui
520 2825 764 2910 deperditione
786 2828 933 2911 ipsorum
951 2829 1078 2893 miserti
1097 2851 1153 2894 eos

137 2911 178 2975 ad
191 2909 331 2977 Romam
344 2914 570 2997 perduxerunt.
601 2913 676 2999 Ego
696 2919 804 2980 autem
823 2918 1029 3000 paupercula,
1046 2917 1154 2982 filium

136 3020 245 3064 meum
269 3003 400 3067 omnino
429 3003 607 3086 perdidisse
631 3003 762 3068 credens
785 3007 820 3068 et
843 3004 913 3069 eius
936 3005 1153 3088 perditionem
1167 3023 1193 3064 ³0

134 3108 193 3170 per
222 3089 326 3152 multa
353 3092 503 3173 tempora
529 3090 649 3156 deflens
673 3113 710 3156 ao
738 3092 777 3157 de
805 3093 874 3157 eius
896 3094 1153 3177 recuperatione,

136 3196 232 3260 quem
250 3176 316 3240 iam
335 3180 412 3242 tune
430 3199 489 3261 per
507 3179 649 3264 quinque
666 3201 769 3244 annos
786 3180 1000 3266 perdideram,
1018 3183 1152 3247 omnino

135 3263 306 3349 desperata
332 3265 440 3349 ipsum
462 3288 529 3331 non
551 3269 656 3334 multo
684 3272 830 3352 tempore
855 3270 966 3354 elapso
988 3292 1055 3335 una
1078 3292 1153 3336 cum

133 3405 347 3416 ——m

206 3479 220 3526 1
241 3461 465 3543 concepisse'D,
485 3475 640 3544 suscepisse
659 3476 695 3531 F.
771 3484 805 3532 14
824 3478 853 3532 et
866 3495 915 3536 om.
932 3477 969 3534 F.
1047 3485 1082 3534 26
1102 3495 1152 3550 ap·

132 3541 320 3612 propinquare
340 3543 382 3613 F,
400 3543 589 3615 propinquare
607 3546 645 3601 D.
