<?xml version="1.0" encoding="UTF-8"?>
<!DOCTYPE html PUBLIC "-//W3C//DTD XHTML 1.0 Transitional//EN"
    "http://www.w3.org/TR/xhtml1/DTD/xhtml1-transitional.dtd">
<html xmlns="http://www.w3.org/1999/xhtml" xml:lang="en" lang="en">
 <head>
  <title>
</title>
<meta http-equiv="Content-Type" content="text/html;charset=utf-8" />
  <meta name='ocr-system' content='tesseract 3.04.00' />
  <meta name='ocr-capabilities' content='ocr_page ocr_carea ocr_par ocr_line ocrx_word'/>
</head>
<body>
  <div class='ocr_page' id='page_1' title='image "./devirisinlustri00herdgoog_0145.png"; bbox 0 0 2552 4048; ppageno 0'>
   <div class='ocr_carea' id='block_1_1' title="bbox 470 274 691 339">
    <p class='ocr_par' dir='ltr' id='par_1_1' title="bbox 470 274 691 339">
     <span class='ocr_line' id='line_1_1' title="bbox 470 274 691 339; baseline 0.009 -19"><span class='ocrx_word' id='word_1_1' title='bbox 470 311 511 320; x_wconf 84' lang='grc'>-</span> <span class='ocrx_word' id='word_1_2' title='bbox 559 274 602 339; x_wconf 84' lang='lat'>93</span> <span class='ocrx_word' id='word_1_3' title='bbox 636 309 691 336; x_wconf 60' lang='grc'>,....</span> 
     </span>
    </p>
   </div>
   <div class='ocr_carea' id='block_1_2' title="bbox 6 413 1123 836">
    <p class='ocr_par' dir='ltr' id='par_1_2' title="bbox 6 413 1123 835">
     <span class='ocr_line' id='line_1_2' title="bbox 73 413 1087 500; baseline 0.002 -20"><span class='ocrx_word' id='word_1_4' title='bbox 73 415 218 480; x_wconf 88' lang='lat' dir='ltr'>0mnium</span> <span class='ocrx_word' id='word_1_5' title='bbox 246 415 316 480; x_wconf 87' lang='lat' dir='ltr'>eius</span> <span class='ocrx_word' id='word_1_6' title='bbox 343 416 572 500; x_wconf 79' lang='lat' dir='ltr'>opusculorum</span> <span class='ocrx_word' id='word_1_7' title='bbox 604 419 654 480; x_wconf 88' lang='lat' dir='ltr'>est</span> <span class='ocrx_word' id='word_1_8' title='bbox 686 415 770 480; x_wconf 90' lang='lat' dir='ltr'>liber</span> <span class='ocrx_word' id='word_1_9' title='bbox 798 413 848 480; x_wconf 75' lang='lat' dir='ltr'>‘de</span> <span class='ocrx_word' id='word_1_10' title='bbox 876 416 1087 498; x_wconf 85' lang='lat' dir='ltr'>paenitentia&#39;</span> 
     </span>
     <span class='ocr_line' id='line_1_3' title="bbox 6 501 1089 589; baseline 0.003 -22"><span class='ocrx_word' id='word_1_11' title='bbox 6 503 186 588; x_wconf 53' lang='grc' dir='ltr'>1ιι“(ιιι</span> <span class='ocrx_word' id='word_1_12' title='bbox 217 503 314 568; x_wconf 90' lang='lat' dir='ltr'>laude</span> <span class='ocrx_word' id='word_1_13' title='bbox 346 505 490 589; x_wconf 81' lang='lat' dir='ltr'>generali</span> <span class='ocrx_word' id='word_1_14' title='bbox 524 505 669 568; x_wconf 90' lang='lat' dir='ltr'>omnium</span> <span class='ocrx_word' id='word_1_15' title='bbox 701 503 908 588; x_wconf 79' lang='lat' dir='ltr'>martyrum&#39;.</span> <span class='ocrx_word' id='word_1_16' title='bbox 964 501 1089 570; x_wconf 83' lang='lat' dir='ltr'>Olaruit</span> 
     </span>
     <span class='ocr_line' id='line_1_4' title="bbox 71 591 1088 676; baseline 0.002 -20"><span class='ocrx_word' id='word_1_17' title='bbox 71 592 274 676; x_wconf 75' lang='lat' dir='ltr'>temporibus</span> <span class='ocrx_word' id='word_1_18' title='bbox 297 591 435 658; x_wconf 90' lang='lat' dir='ltr'>Honorii</span> <span class='ocrx_word' id='word_1_19' title='bbox 455 596 492 658; x_wconf 87' lang='lat' dir='ltr'>et</span> <span class='ocrx_word' id='word_1_20' title='bbox 513 591 738 658; x_wconf 75' lang='lat' dir='ltr'>Valentiniani</span> <span class='ocrx_word' id='word_1_21' title='bbox 760 614 827 659; x_wconf 93' lang='lat' dir='ltr'>non</span> <span class='ocrx_word' id='word_1_22' title='bbox 850 592 957 658; x_wconf 89' lang='lat' dir='ltr'>solum</span> <span class='ocrx_word' id='word_1_23' title='bbox 980 593 1088 658; x_wconf 89' lang='lat' dir='ltr'>ohser-</span> 
     </span>
     <span class='ocr_line' id='line_1_5' title="bbox 74 679 1087 802; baseline 0.002 -58"><span class='ocrx_word' id='word_1_24' title='bbox 74 681 200 745; x_wconf 82' lang='lat' dir='ltr'>vatione</span> <span class='ocrx_word' id='word_1_25' title='bbox 225 684 260 744; x_wconf 91' lang='lat' dir='ltr'>et</span> <span class='ocrx_word' id='word_1_26' title='bbox 283 681 455 746; x_wconf 86' lang='lat' dir='ltr'>sanctitate</span> <span class='ocrx_word' id='word_1_27' title='bbox 478 681 578 766; x_wconf 87' lang='lat' dir='ltr'>vitae,</span> <span class='ocrx_word' id='word_1_28' title='bbox 602 681 715 746; x_wconf 87' lang='lat' dir='ltr'>sedt</span> <span class='ocrx_word' id='word_1_29' title='bbox 681 681 781 746; x_wconf 90' lang='lat' dir='ltr'>etiam</span> <span class='ocrx_word' id='word_1_30' title='bbox 803 681 951 768; x_wconf 89' lang='lat' dir='ltr'>potentia</span> <span class='ocrx_word' id='word_1_31' title='bbox 975 679 1087 802; x_wconf 81' lang='lat' dir='ltr'><strong>adver</strong></span> 
     </span>
     <span class='ocr_line' id='line_1_6' title="bbox 72 769 1123 836; baseline 0.009 -4"><span class='ocrx_word' id='word_1_32' title='bbox 72 791 141 833; x_wconf 91' lang='lat' dir='ltr'>sum</span> <span class='ocrx_word' id='word_1_33' title='bbox 166 769 352 836; x_wconf 88' lang='lat' dir='ltr'>daemones.</span> <span class='ocrx_word' id='word_1_34' title='bbox 1107 784 1123 834; x_wconf 80' lang='lat'>5</span> 
     </span>
    </p>
   </div>
   <div class='ocr_carea' id='block_1_3' title="bbox 507 861 660 952">
    <p class='ocr_par' dir='ltr' id='par_1_3' title="bbox 507 861 660 952">
     <span class='ocr_line' id='line_1_7' title="bbox 507 861 660 952; baseline 0 -20"><span class='ocrx_word' id='word_1_35' title='bbox 507 862 590 952; x_wconf 67' lang='grc' dir='ltr'>θαι)</span> <span class='ocrx_word' id='word_1_36' title='bbox 617 861 660 934; x_wconf 89' lang='lat' dir='ltr'><em>L</em></span> 
     </span>
    </p>
   </div>
   <div class='ocr_carea' id='block_1_4' title="bbox 69 997 1144 1526">
    <p class='ocr_par' dir='ltr' id='par_1_4' title="bbox 69 997 1144 1526">
     <span class='ocr_line' id='line_1_8' title="bbox 160 997 1086 1084; baseline 0.001 -22"><span class='ocrx_word' id='word_1_37' title='bbox 160 997 343 1082; x_wconf 74' lang='lat' dir='ltr'>Eutropius</span> <span class='ocrx_word' id='word_1_38' title='bbox 365 999 539 1084; x_wconf 79' lang='lat' dir='ltr'>presbyter</span> <span class='ocrx_word' id='word_1_39' title='bbox 562 999 691 1084; x_wconf 85' lang='lat' dir='ltr'>scripsit</span> <span class='ocrx_word' id='word_1_40' title='bbox 710 997 750 1063; x_wconf 88' lang='lat' dir='ltr'>ad</span> <span class='ocrx_word' id='word_1_41' title='bbox 769 999 849 1064; x_wconf 90' lang='lat' dir='ltr'>duas</span> <span class='ocrx_word' id='word_1_42' title='bbox 871 1020 1008 1082; x_wconf 89' lang='lat' dir='ltr'>sorores,</span> <span class='ocrx_word' id='word_1_43' title='bbox 1032 1021 1086 1063; x_wconf 91' lang='lat' dir='ltr'>an-</span> 
     </span>
     <span class='ocr_line' id='line_1_9' title="bbox 72 1085 1088 1173; baseline 0.002 -21"><span class='ocrx_word' id='word_1_44' title='bbox 72 1088 163 1152; x_wconf 86' lang='lat' dir='ltr'>cillas</span> <span class='ocrx_word' id='word_1_45' title='bbox 187 1085 325 1170; x_wconf 76' lang='lat' dir='ltr'>Christi,</span> <span class='ocrx_word' id='word_1_46' title='bbox 348 1110 430 1173; x_wconf 91' lang='lat' dir='ltr'>quae</span> <span class='ocrx_word' id='word_1_47' title='bbox 454 1087 496 1152; x_wconf 90' lang='lat' dir='ltr'>ob</span> <span class='ocrx_word' id='word_1_48' title='bbox 520 1089 724 1154; x_wconf 89' lang='lat' dir='ltr'>devotionem</span> <span class='ocrx_word' id='word_1_49' title='bbox 746 1087 921 1171; x_wconf 87' lang='lat' dir='ltr'>pudicitiae</span> <span class='ocrx_word' id='word_1_50' title='bbox 945 1091 978 1152; x_wconf 89' lang='lat' dir='ltr'>et</span> <span class='ocrx_word' id='word_1_51' title='bbox 1000 1109 1088 1154; x_wconf 89' lang='lat' dir='ltr'>amo·</span> 
     </span>
     <span class='ocr_line' id='line_1_10' title="bbox 72 1174 1090 1261; baseline 0.001 -21"><span class='ocrx_word' id='word_1_52' title='bbox 72 1199 139 1240; x_wconf 88' lang='lat' dir='ltr'>rem</span> <span class='ocrx_word' id='word_1_53' title='bbox 163 1174 333 1261; x_wconf 86' lang='lat' dir='ltr'>religionis</span> <span class='ocrx_word' id='word_1_54' title='bbox 358 1176 531 1241; x_wconf 81' lang='lat' dir='ltr'>exheredat</span> <span class='ocrx_word' id='word_1_55' title='bbox 516 1180 570 1241; x_wconf 88' lang='lat' dir='ltr'>tae</span> <span class='ocrx_word' id='word_1_56' title='bbox 594 1179 671 1241; x_wconf 90' lang='lat' dir='ltr'>sunt</span> <span class='ocrx_word' id='word_1_57' title='bbox 695 1177 939 1261; x_wconf 82' lang='lat' dir='ltr'>aparentibus,</span> <span class='ocrx_word' id='word_1_58' title='bbox 970 1176 1090 1260; x_wconf 88' lang='lat' dir='ltr'>epistu-</span> 
     </span>
     <span class='ocr_line' id='line_1_11' title="bbox 71 1264 1144 1350; baseline 0 -22"><span class='ocrx_word' id='word_1_59' title='bbox 71 1265 165 1329; x_wconf 89' lang='lat' dir='ltr'>las</span> <span class='ocrx_word' id='word_1_60' title='bbox 154 1286 191 1328; x_wconf 87' lang='lat' dir='ltr'>m</span> <span class='ocrx_word' id='word_1_61' title='bbox 223 1264 356 1329; x_wconf 91' lang='lat' dir='ltr'>modum</span> <span class='ocrx_word' id='word_1_62' title='bbox 389 1265 574 1330; x_wconf 90' lang='lat' dir='ltr'>libellorum</span> <span class='ocrx_word' id='word_1_63' title='bbox 606 1264 754 1330; x_wconf 91' lang='lat' dir='ltr'>consolat</span> <span class='ocrx_word' id='word_1_64' title='bbox 740 1265 841 1330; x_wconf 89' lang='lat' dir='ltr'>terias</span> <span class='ocrx_word' id='word_1_65' title='bbox 876 1265 1018 1350; x_wconf 81' lang='lat' dir='ltr'>eleganti</span> <span class='ocrx_word' id='word_1_66' title='bbox 1057 1268 1090 1330; x_wconf 91' lang='lat' dir='ltr'>et</span> <span class='ocrx_word' id='word_1_67' title='bbox 1110 1279 1144 1329; x_wconf 84' lang='lat'>10</span> 
     </span>
     <span class='ocr_line' id='line_1_12' title="bbox 70 1353 1089 1457; baseline 0 -40"><span class='ocrx_word' id='word_1_68' title='bbox 70 1355 186 1436; x_wconf 88' lang='lat' dir='ltr'>aperto</span> <span class='ocrx_word' id='word_1_69' title='bbox 211 1375 361 1419; x_wconf 87' lang='lat' dir='ltr'>sermone</span> <span class='ocrx_word' id='word_1_70' title='bbox 389 1353 481 1436; x_wconf 88' lang='lat' dir='ltr'>duas,</span> <span class='ocrx_word' id='word_1_71' title='bbox 508 1375 576 1419; x_wconf 92' lang='lat' dir='ltr'>non</span> <span class='ocrx_word' id='word_1_72' title='bbox 605 1354 709 1418; x_wconf 88' lang='lat' dir='ltr'>solum</span> <span class='ocrx_word' id='word_1_73' title='bbox 737 1354 877 1438; x_wconf 88' lang='lat' dir='ltr'>ratione,</span> <span class='ocrx_word' id='word_1_74' title='bbox 905 1353 962 1417; x_wconf 90' lang='lat' dir='ltr'>sed</span> <span class='ocrx_word' id='word_1_75' title='bbox 990 1353 1089 1457; x_wconf 86' lang='lat' dir='ltr'>etiam</span> 
     </span>
     <span class='ocr_line' id='line_1_13' title="bbox 69 1441 704 1526; baseline 0 -19"><span class='ocrx_word' id='word_1_76' title='bbox 69 1442 272 1507; x_wconf 87' lang='lat' dir='ltr'>testimoniis</span> <span class='ocrx_word' id='word_1_77' title='bbox 297 1443 528 1526; x_wconf 83' lang='lat' dir='ltr'>scripturarum</span> <span class='ocrx_word' id='word_1_78' title='bbox 551 1441 704 1509; x_wconf 89' lang='lat' dir='ltr'>munitas.</span> 
     </span>
    </p>
   </div>
   <div class='ocr_carea' id='block_1_5' title="bbox 497 1603 673 1696">
    <p class='ocr_par' dir='ltr' id='par_1_5' title="bbox 497 1603 673 1696">
     <span class='ocr_line' id='line_1_14' title="bbox 497 1603 673 1696; baseline -0.006 -20"><span class='ocrx_word' id='word_1_79' title='bbox 497 1605 580 1696; x_wconf 65' lang='grc' dir='ltr'>θαι.</span> <span class='ocrx_word' id='word_1_80' title='bbox 608 1603 673 1675; x_wconf 92' lang='lat' dir='ltr'>LI.</span> 
     </span>
    </p>
   </div>
   <div class='ocr_carea' id='block_1_6' title="bbox 70 1740 1143 1915">
    <p class='ocr_par' dir='ltr' id='par_1_6' title="bbox 70 1740 1143 1915">
     <span class='ocr_line' id='line_1_15' title="bbox 162 1740 1089 1827; baseline -0.001 -21"><span class='ocrx_word' id='word_1_81' title='bbox 162 1741 327 1826; x_wconf 77' lang='lat' dir='ltr'>Euagrius</span> <span class='ocrx_word' id='word_1_82' title='bbox 352 1743 435 1808; x_wconf 86' lang='lat' dir='ltr'>alius</span> <span class='ocrx_word' id='word_1_83' title='bbox 459 1743 590 1827; x_wconf 81' lang='lat' dir='ltr'>scripsit</span> <span class='ocrx_word' id='word_1_84' title='bbox 613 1741 855 1807; x_wconf 86' lang='lat' dir='ltr'>altercationem</span> <span class='ocrx_word' id='word_1_85' title='bbox 876 1740 1017 1806; x_wconf 81' lang='lat' dir='ltr'>Simonis</span> <span class='ocrx_word' id='word_1_86' title='bbox 1037 1741 1089 1805; x_wconf 92' lang='lat' dir='ltr'>Iu-</span> 
     </span>
     <span class='ocr_line' id='line_1_16' title="bbox 70 1829 1143 1915; baseline -0.002 -20"><span class='ocrx_word' id='word_1_87' title='bbox 70 1831 145 1895; x_wconf 88' lang='lat' dir='ltr'>daei</span> <span class='ocrx_word' id='word_1_88' title='bbox 183 1833 217 1894; x_wconf 87' lang='lat' dir='ltr'>et</span> <span class='ocrx_word' id='word_1_89' title='bbox 249 1831 423 1915; x_wconf 87' lang='lat' dir='ltr'>Theophili</span> <span class='ocrx_word' id='word_1_90' title='bbox 455 1829 645 1914; x_wconf 83' lang='lat' dir='ltr'>Christiani,</span> <span class='ocrx_word' id='word_1_91' title='bbox 682 1851 763 1915; x_wconf 87' lang='lat' dir='ltr'>quae</span> <span class='ocrx_word' id='word_1_92' title='bbox 796 1851 900 1913; x_wconf 87' lang='lat' dir='ltr'>paene</span> <span class='ocrx_word' id='word_1_93' title='bbox 939 1829 1089 1894; x_wconf 87' lang='lat' dir='ltr'>omnibus</span> <span class='ocrx_word' id='word_1_94' title='bbox 1110 1860 1143 1909; x_wconf 85' lang='lat'>15</span> 
     </span>
    </p>
   </div>
   <div class='ocr_carea' id='block_1_7' title="bbox 69 1922 684 2102">
    <p class='ocr_par' dir='ltr' id='par_1_7' title="bbox 69 1922 684 2102">
     <span class='ocr_line' id='line_1_17' title="bbox 69 1922 236 1984; baseline 0 0"><span class='ocrx_word' id='word_1_95' title='bbox 69 1924 152 1984; x_wconf 91' lang='lat' dir='ltr'>nota</span> <span class='ocrx_word' id='word_1_96' title='bbox 175 1922 236 1984; x_wconf 86' lang='lat' dir='ltr'>est.</span> 
     </span>
     <span class='ocr_line' id='line_1_18' title="bbox 485 2009 684 2102; baseline -0.015 -20"><span class='ocrx_word' id='word_1_97' title='bbox 485 2012 567 2102; x_wconf 74' lang='lat' dir='ltr'>Cep.</span> <span class='ocrx_word' id='word_1_98' title='bbox 595 2009 684 2080; x_wconf 89' lang='lat' dir='ltr'><em>LII.</em></span> 
     </span>
    </p>
   </div>
   <div class='ocr_carea' id='block_1_8' title="bbox 71 2146 1145 2498">
    <p class='ocr_par' dir='ltr' id='par_1_8' title="bbox 71 2146 1145 2498">
     <span class='ocr_line' id='line_1_19' title="bbox 166 2146 1089 2234; baseline -0.002 -22"><span class='ocrx_word' id='word_1_99' title='bbox 166 2147 310 2234; x_wconf 86' lang='lat' dir='ltr'>Vigilius</span> <span class='ocrx_word' id='word_1_100' title='bbox 324 2148 489 2214; x_wconf 88' lang='lat' dir='ltr'>Diaconus</span> <span class='ocrx_word' id='word_1_101' title='bbox 508 2147 690 2231; x_wconf 87' lang='lat' dir='ltr'>composuit</span> <span class='ocrx_word' id='word_1_102' title='bbox 709 2167 748 2211; x_wconf 86' lang='lat' dir='ltr'>ex</span> <span class='ocrx_word' id='word_1_103' title='bbox 765 2146 942 2212; x_wconf 89' lang='lat' dir='ltr'>traditione</span> <span class='ocrx_word' id='word_1_104' title='bbox 961 2148 1089 2231; x_wconf 88' lang='lat' dir='ltr'>patrum</span> 
     </span>
     <span class='ocr_line' id='line_1_20' title="bbox 72 2235 1090 2324; baseline -0.003 -23"><span class='ocrx_word' id='word_1_105' title='bbox 72 2237 323 2302; x_wconf 74' lang='lat' dir='ltr'>‘monachorum</span> <span class='ocrx_word' id='word_1_106' title='bbox 346 2236 514 2324; x_wconf 80' lang='lat' dir='ltr'>regulam&#39;,</span> <span class='ocrx_word' id='word_1_107' title='bbox 538 2259 620 2323; x_wconf 89' lang='lat' dir='ltr'>quae</span> <span class='ocrx_word' id='word_1_108' title='bbox 638 2237 673 2301; x_wconf 93' lang='lat' dir='ltr'>in</span> <span class='ocrx_word' id='word_1_109' title='bbox 697 2235 829 2301; x_wconf 88' lang='lat' dir='ltr'>cenobio</span> <span class='ocrx_word' id='word_1_110' title='bbox 850 2235 891 2300; x_wconf 91' lang='lat' dir='ltr'>ad</span> <span class='ocrx_word' id='word_1_111' title='bbox 909 2235 1090 2318; x_wconf 89' lang='lat' dir='ltr'>profectum</span> 
     </span>
     <span class='ocr_line' id='line_1_21' title="bbox 71 2325 1145 2412; baseline -0.003 -23"><span class='ocrx_word' id='word_1_112' title='bbox 71 2325 218 2390; x_wconf 87' lang='lat' dir='ltr'>fratrum</span> <span class='ocrx_word' id='word_1_113' title='bbox 245 2325 281 2391; x_wconf 93' lang='lat' dir='ltr'>in</span> <span class='ocrx_word' id='word_1_114' title='bbox 309 2331 471 2392; x_wconf 83' lang='lat' dir='ltr'>conventu</span> <span class='ocrx_word' id='word_1_115' title='bbox 498 2327 626 2412; x_wconf 82' lang='lat' dir='ltr'>legitur,</span> <span class='ocrx_word' id='word_1_116' title='bbox 653 2325 798 2390; x_wconf 77' lang='lat' dir='ltr'>breviato</span> <span class='ocrx_word' id='word_1_117' title='bbox 827 2328 860 2389; x_wconf 93' lang='lat' dir='ltr'>et</span> <span class='ocrx_word' id='word_1_118' title='bbox 888 2327 1001 2408; x_wconf 87' lang='lat' dir='ltr'>aperto</span> <span class='ocrx_word' id='word_1_119' title='bbox 1026 2345 1089 2387; x_wconf 78' lang='lat' dir='ltr'>rer·</span> <span class='ocrx_word' id='word_1_120' title='bbox 1111 2338 1145 2386; x_wconf 77' lang='grc' dir='ltr'>ιο</span> 
     </span>
     <span class='ocr_line' id='line_1_22' title="bbox 72 2413 1092 2498; baseline -0.002 -20"><span class='ocrx_word' id='word_1_121' title='bbox 72 2437 172 2480; x_wconf 88' lang='lat' dir='ltr'>mone</span> <span class='ocrx_word' id='word_1_122' title='bbox 204 2415 305 2480; x_wconf 91' lang='lat' dir='ltr'>totius</span> <span class='ocrx_word' id='word_1_123' title='bbox 335 2415 532 2480; x_wconf 88' lang='lat' dir='ltr'>monasticae</span> <span class='ocrx_word' id='word_1_124' title='bbox 562 2414 774 2498; x_wconf 82' lang='lat' dir='ltr'>professionis</span> <span class='ocrx_word' id='word_1_125' title='bbox 804 2413 838 2477; x_wconf 92' lang='lat' dir='ltr'>in</span> <span class='ocrx_word' id='word_1_126' title='bbox 866 2434 899 2477; x_wconf 94' lang='lat' dir='ltr'>se</span> <span class='ocrx_word' id='word_1_127' title='bbox 927 2415 1092 2477; x_wconf 90' lang='lat' dir='ltr'>tenentem</span> 
     </span>
    </p>
   </div>
   <div class='ocr_carea' id='block_1_9' title="bbox 71 2504 699 2686">
    <p class='ocr_par' dir='ltr' id='par_1_9' title="bbox 71 2504 699 2686">
     <span class='ocr_line' id='line_1_23' title="bbox 71 2504 292 2588; baseline 0 -20"><span class='ocrx_word' id='word_1_128' title='bbox 71 2504 292 2588; x_wconf 88' lang='lat' dir='ltr'>disciplinam.</span> 
     </span>
     <span class='ocr_line' id='line_1_24' title="bbox 478 2594 699 2686; baseline -0.009 -20"><span class='ocrx_word' id='word_1_129' title='bbox 478 2595 560 2686; x_wconf 79' lang='lat' dir='ltr'>Cap.</span> <span class='ocrx_word' id='word_1_130' title='bbox 588 2594 699 2665; x_wconf 90' lang='lat' dir='ltr'><em>LIII.</em></span> 
     </span>
    </p>
   </div>
   <div class='ocr_carea' id='block_1_10' title="bbox 6 2727 1146 3084">
    <p class='ocr_par' dir='ltr' id='par_1_10' title="bbox 6 2727 1094 2815">
     <span class='ocr_line' id='line_1_25' title="bbox 6 2727 1094 2815; baseline -0.007 -16"><span class='ocrx_word' id='word_1_131' title='bbox 6 2727 7 2754; x_wconf 74' lang='lat'>³</span> <span class='ocrx_word' id='word_1_132' title='bbox 166 2732 307 2811; x_wconf 87' lang='lat' dir='ltr'>Atticus,</span> <span class='ocrx_word' id='word_1_133' title='bbox 335 2730 718 2815; x_wconf 79' lang='lat' dir='ltr'>Constantinopolitanus</span> <span class='ocrx_word' id='word_1_134' title='bbox 742 2731 921 2814; x_wconf 88' lang='lat' dir='ltr'>episeopus,</span> <span class='ocrx_word' id='word_1_135' title='bbox 947 2727 1094 2810; x_wconf 90' lang='lat' dir='ltr'>scripsit</span> 
     </span>
    </p>

    <p class='ocr_par' dir='ltr' id='par_1_11' title="bbox 6 2779 1146 3084">
     <span class='ocr_line' id='line_1_26' title="bbox 6 2779 1146 2922; baseline -0.005 -38"><span class='ocrx_word' id='word_1_136' title='bbox 6 2779 8 2884; x_wconf 74' lang='lat' dir='ltr'>i</span> <span class='ocrx_word' id='word_1_137' title='bbox 74 2823 117 2886; x_wconf 89' lang='lat' dir='ltr'>ad</span> <span class='ocrx_word' id='word_1_138' title='bbox 146 2821 280 2906; x_wconf 82' lang='lat' dir='ltr'>reginas</span> <span class='ocrx_word' id='word_1_139' title='bbox 312 2820 444 2886; x_wconf 89' lang='lat' dir='ltr'>Arcadii</span> <span class='ocrx_word' id='word_1_140' title='bbox 471 2821 675 2922; x_wconf 76' lang='lat' dir='ltr'>imperatoris</span> <span class='ocrx_word' id='word_1_141' title='bbox 703 2820 786 2883; x_wconf 89' lang='lat' dir='ltr'>filias</span> <span class='ocrx_word' id='word_1_142' title='bbox 811 2817 861 2883; x_wconf 89' lang='lat' dir='ltr'>de</span> <span class='ocrx_word' id='word_1_143' title='bbox 885 2818 948 2881; x_wconf 88' lang='lat' dir='ltr'>fide</span> <span class='ocrx_word' id='word_1_144' title='bbox 974 2819 1008 2880; x_wconf 89' lang='lat' dir='ltr'>et</span> <span class='ocrx_word' id='word_1_145' title='bbox 1029 2815 1093 2899; x_wconf 76' lang='lat' dir='ltr'>uir-</span> <span class='ocrx_word' id='word_1_146' title='bbox 1112 2829 1146 2878; x_wconf 78' lang='lat'>25</span> 
     </span>
     <span class='ocr_line' id='line_1_27' title="bbox 76 2903 1092 3010; baseline -0.005 -36"><span class='ocrx_word' id='word_1_147' title='bbox 76 2908 229 3010; x_wconf 79' lang='lat' dir='ltr'>ginitate&#39;</span> <span class='ocrx_word' id='word_1_148' title='bbox 259 2908 377 2973; x_wconf 86' lang='lat' dir='ltr'>librum</span> <span class='ocrx_word' id='word_1_149' title='bbox 406 2909 501 2974; x_wconf 82' lang='lat' dir='ltr'>valde</span> <span class='ocrx_word' id='word_1_150' title='bbox 529 2909 708 2994; x_wconf 83' lang='lat' dir='ltr'>egregium,</span> <span class='ocrx_word' id='word_1_151' title='bbox 735 2909 856 2992; x_wconf 91' lang='lat' dir='ltr'>inquo</span> <span class='ocrx_word' id='word_1_152' title='bbox 880 2903 1092 2990; x_wconf 82' lang='lat' dir='ltr'>praeveniens</span> 
     </span>
     <span class='ocr_line' id='line_1_28' title="bbox 73 2997 653 3084; baseline -0.002 -22"><span class='ocrx_word' id='word_1_153' title='bbox 73 2997 160 3062; x_wconf 79' lang='lat' dir='ltr'>Nest</span> <span class='ocrx_word' id='word_1_154' title='bbox 145 2997 310 3062; x_wconf 90' lang='lat' dir='ltr'>torianum</span> <span class='ocrx_word' id='word_1_155' title='bbox 333 2998 483 3082; x_wconf 82' lang='lat' dir='ltr'>dogma</span> <span class='ocrx_word' id='word_1_156' title='bbox 474 3001 653 3084; x_wconf 82' lang='lat' dir='ltr'>1mpugnat.</span> 
     </span>
    </p>
   </div>
   <div class='ocr_carea' id='block_1_11' title="bbox 483 3160 697 3252">
    <p class='ocr_par' dir='ltr' id='par_1_12' title="bbox 483 3160 697 3252">
     <span class='ocr_line' id='line_1_29' title="bbox 483 3160 697 3252; baseline 0.005 -21"><span class='ocrx_word' id='word_1_157' title='bbox 483 3161 565 3252; x_wconf 82' lang='lat' dir='ltr'>Oop.</span> <span class='ocrx_word' id='word_1_158' title='bbox 593 3161 657 3232; x_wconf 89' lang='lat' dir='ltr'>LI</span> <span class='ocrx_word' id='word_1_159' title='bbox 660 3160 697 3233; x_wconf 89' lang='lat' dir='ltr'>V.</span> 
     </span>
    </p>
   </div>
   <div class='ocr_carea' id='block_1_12' title="bbox 78 3292 1172 3470">
    <p class='ocr_par' dir='ltr' id='par_1_13' title="bbox 78 3292 1172 3470">
     <span class='ocr_line' id='line_1_30' title="bbox 169 3292 1172 3382; baseline -0.007 -22"><span class='ocrx_word' id='word_1_160' title='bbox 169 3295 342 3362; x_wconf 88' lang='lat' dir='ltr'>Nestorius</span> <span class='ocrx_word' id='word_1_161' title='bbox 366 3296 594 3382; x_wconf 87' lang='lat' dir='ltr'>heresiarches,</span> <span class='ocrx_word' id='word_1_162' title='bbox 618 3321 690 3364; x_wconf 87' lang='lat' dir='ltr'>cum</span> <span class='ocrx_word' id='word_1_163' title='bbox 713 3299 748 3362; x_wconf 92' lang='lat' dir='ltr'>in</span> <span class='ocrx_word' id='word_1_164' title='bbox 766 3295 971 3362; x_wconf 85' lang='lat' dir='ltr'>Antiochena</span> <span class='ocrx_word' id='word_1_165' title='bbox 996 3292 1094 3358; x_wconf 89' lang='lat' dir='ltr'>eoele-</span> <span class='ocrx_word' id='word_1_166' title='bbox 1169 3375 1172 3382; x_wconf 91' lang='lat'><em>.</em></span> 
     </span>
     <span class='ocr_line' id='line_1_31' title="bbox 78 3383 1148 3470; baseline -0.006 -21"><span class='ocrx_word' id='word_1_167' title='bbox 78 3386 129 3450; x_wconf 88' lang='lat' dir='ltr'>sia</span> <span class='ocrx_word' id='word_1_168' title='bbox 151 3385 325 3468; x_wconf 88' lang='lat' dir='ltr'>presbyter</span> <span class='ocrx_word' id='word_1_169' title='bbox 346 3385 485 3470; x_wconf 84' lang='lat' dir='ltr'>insignis</span> <span class='ocrx_word' id='word_1_170' title='bbox 510 3409 549 3451; x_wconf 86' lang='lat' dir='ltr'>ex</span> <span class='ocrx_word' id='word_1_171' title='bbox 572 3391 718 3470; x_wconf 88' lang='lat' dir='ltr'>tempore</span> <span class='ocrx_word' id='word_1_172' title='bbox 738 3387 936 3451; x_wconf 88' lang='lat' dir='ltr'>declamator</span> <span class='ocrx_word' id='word_1_173' title='bbox 959 3383 1094 3449; x_wconf 88' lang='lat' dir='ltr'>hahere·</span> <span class='ocrx_word' id='word_1_174' title='bbox 1113 3393 1148 3443; x_wconf 79' lang='lat'>30</span> 
     </span>
    </p>
   </div>
   <div class='ocr_carea' id='block_1_13' title="bbox 75 3523 724 3580">
    <p class='ocr_par' dir='ltr' id='par_1_14' title="bbox 75 3523 724 3580">
     <span class='ocr_line' id='line_1_32' title="bbox 75 3523 724 3580; baseline 0 -2"><span class='ocrx_word' id='word_1_175' title='bbox 75 3523 196 3578; x_wconf 89' lang='lat' dir='ltr'>tationis</span> <span class='ocrx_word' id='word_1_176' title='bbox 214 3525 352 3578; x_wconf 84' lang='lat' dir='ltr'>tractatus</span> <span class='ocrx_word' id='word_1_177' title='bbox 434 3530 468 3580; x_wconf 78' lang='lat'>29</span> <span class='ocrx_word' id='word_1_178' title='bbox 488 3526 601 3580; x_wconf 80' lang='lat' dir='ltr'>Bamb:</span> <span class='ocrx_word' id='word_1_179' title='bbox 621 3525 724 3580; x_wconf 83' lang='lat' dir='ltr'>Nestor</span> 
     </span>
    </p>
   </div>
   <div class='ocr_carea' id='block_1_14' title="bbox 0 0 1280 4048">
    <p class='ocr_par' dir='ltr' id='par_1_15' title="bbox 0 0 1280 4048">
     <span class='ocr_line' id='line_1_33' title="bbox 0 0 1280 4048; baseline 0 0"><span class='ocrx_word' id='word_1_180' title='bbox 0 0 1280 4048; x_wconf 95' lang='lat' dir='ltr'> </span> 
     </span>
    </p>
   </div>
  </div>
 </body>
</html>
