2552 4048
616 261 833 326 -50-

216 400 303 486 quod
325 401 455 468 vocavit
475 397 712 486 καταστροφήν
735 401 804 468 sive
822 412 953 489 πεῖραν,
976 405 1012 468 et
1033 402 1095 469 sub
1114 402 1239 470 Valen-

216 489 341 556 tiniano
364 489 509 575 principe
532 491 623 557 obiit

499 709 501 712 ·
607 669 690 762 Cup.
722 669 844 742 CXII.

306 805 460 893 Gyrillus,
492 806 739 892 Hierosolymac
777 809 961 894 episcopus,
993 831 1090 894 saepe
1123 811 1237 894 pulsus

180 909 196 956 5
216 896 404 961 ecclesiast
425 899 574 980 receptus
593 895 635 960 ad
657 899 844 980 extremum,
868 898 928 963 sub
942 897 1128 964 Theodosio
1146 899 1236 984 prin-

215 985 284 1068 cipe
309 987 383 1051 octo
407 985 502 1051 annis
522 985 752 1050 inconcussum
771 984 993 1070 episcopatum
1016 985 1131 1051 tenuit.
1169 987 1236 1050 Ex·

216 1076 306 1138 stant
325 1073 394 1138 eius
418 1069 622 1158 κατηχήσεις,
646 1073 781 1158 quasin
805 1072 1024 1141 adulescentia
1043 1076 1239 1159 composuit.

598 1269 680 1364 Cup.
713 1269 858 1342 ΟΧΙΙΙ.

308 1406 451 1475 Euzoius
470 1407 556 1492 apud
570 1406 784 1490 Thespcsium
797 1407 961 1473 rhetorem
976 1429 1049 1474 cum
1064 1407 1237 1494 Gregorio,

162 1508 196 1558 10
218 1495 424 1562 Nazianzeno
438 1497 599 1582 episcopo,
613 1495 801 1560 adulescens
816 1494 993 1561 Caesareae
1013 1496 1156 1562 eruditus
1175 1501 1235 1580 est,

216 1589 249 1649 ct
285 1584 429 1650 eiusdem
459 1587 575 1669 postca
608 1583 698 1648 urbis
736 1583 904 1668 episcopus
942 1585 1083 1669 plurimo
1121 1586 1236 1651 labore

214 1677 401 1758 corruptam
430 1673 497 1738 iam
520 1670 751 1738 bibliothecam
775 1671 925 1758 Origenis
952 1676 986 1737 et
1008 1673 1172 1758 Pamphili
1199 1675 1234 1737 in

216 1762 414 1828 membranis
433 1762 617 1826 instaurare
636 1763 773 1825 conatus
792 1761 833 1826 ad
852 1765 1030 1827 extremum
1049 1763 1110 1827 suh
1129 1762 1233 1827 Theo-

216 1849 308 1916 dosio
330 1850 475 1935 principe
494 1849 630 1915 ecclesia
651 1849 764 1932 pulsus
783 1853 841 1914 est.
877 1847 1038 1914 Feruntur
1063 1851 1132 1916 eius
1150 1850 1235 1916 rarii
1267 1889 1268 1920 ;

163 1955 195 2004 16
214 1939 473 2024 multiplicesque
496 1940 671 2022 tractatus,
694 1958 774 2022 quos
797 1959 894 2003 nosse
917 1938 1068 2023 perfacile
1092 1943 1152 2004 cst.
1267 1933 1268 1948 ¹

600 2137 683 2228 Cup.
716 2131 852 2208 CXIV.

303 2275 521 2361 Epiphanius,
550 2273 652 2358 prri
681 2270 866 2339 Salaminae
889 2274 1072 2358 episcopus,
1102 2274 1234 2358 scripsit

213 2364 369 2431 adversus
393 2383 505 2429 omnes
528 2362 658 2426 hereses
677 2361 779 2427 libros
802 2366 837 2425 ct
858 2362 963 2426 multu
985 2361 1059 2440 alia,
1082 2383 1167 2446 quae
1190 2364 1232 2427 ab
1265 2409 1266 2450 ,

215 2453 349 2518 eruditis
377 2454 511 2536 propter
537 2473 606 2536 res,
639 2473 659 2516 a
691 2449 944 2534 simplicioribus
971 2453 1107 2533 propter
1134 2452 1234 2516 verba

161 2559 195 2607 co
214 2562 341 2628 quoque
368 2541 563 2606 lectitantur.
614 2537 768 2622 Superest
799 2559 901 2622 usque
928 2537 1023 2603 hodie
1058 2541 1091 2604 et
1120 2539 1156 2604 in
1180 2560 1233 2604 ex·
1265 2617 1266 2628 ,

212 2634 317 2696 hema
340 2630 404 2696 iam
428 2631 591 2695 senectute
614 2627 705 2692 varia
728 2626 858 2709 scripsit
880 2627 1043 2710 opuscula.
1265 2655 1266 2678 κ

609 2808 691 2898 Oop.
723 2806 793 2878 ΟΧ
799 2805 837 2878 V.

302 2947 456 3034 Ephrem,
473 2946 660 3012 Edessenae
679 2943 832 3008 ecclesiae
851 2943 1016 3028 diaconus,
1033 2944 1139 3008 multa
1156 2962 1231 3028 syro

172 3049 174 3055 “
214 3057 362 3101 sermone
391 3037 585 3121 composuit,
613 3040 647 3099 et
671 3032 711 3098 ad
734 3035 861 3098 tantam
884 3032 974 3096 venit
996 3031 1233 3116 claritudinem,
1263 3111 1264 3120 ἵ

160 3141 194 3190 25
213 3127 251 3188 ut
272 3127 348 3208 post
369 3125 542 3189 lectionem
573 3123 807 3206 scripturarum
830 3119 957 3204 publice
979 3119 1013 3184 in
1036 3119 1231 3204 quibusdam
1263 3125 1264 3210 l

213 3212 356 3277 ecclesiis
371 3211 491 3296 scripta
505 3212 574 3277 eius
591 3211 777 3277 recitentur.
808 3205 890 3292 Legi
909 3207 959 3272 ‘de
974 3209 1090 3291 spiritu
1105 3207 1231 3277 sanoto'
1263 3213 1264 3290 l

284 3368 388 3424 1Vat.=
398 3383 496 3438 peram
546 3367 650 3422 suat:
665 3365 834 3421 rhetoricam
845 3364 1022 3433 (rhetorical)
1075 3365 1109 3420 15
1120 3365 1230 3420 Bamb.:

211 3439 281 3493 scire
331 3443 367 3493 20
380 3439 491 3495 Bamb.=
510 3437 610 3510 ignota
659 3441 692 3490 21
708 3435 807 3491 Bamb.
823 3437 852 3492 et
865 3435 1003 3491 Norimb.:
1023 3435 1117 3504 cudit;
1137 3435 1230 3492 Rern:

211 3508 338 3564 condidit
409 3515 443 3564 23
462 3509 540 3564 Vct:
559 3507 703 3564 lidesenae
