2552 4048
142 1157 178 1224 Si
191 1159 378 1224 litterarum
393 1159 600 1242 antiquarum
609 1157 754 1244 cognitio
767 1157 858 1224 nulla
871 1159 1071 1225 incrementa

58 1251 182 1332 caperet
203 1247 269 1312 nisi
292 1267 330 1311 ex
354 1247 399 1312 eis
424 1248 646 1331 scriptoribus,
670 1247 726 1331 qui
743 1268 817 1312 raro
840 1247 1011 1312 admodum
1036 1254 1070 1314 et

57 1337 181 1420 magnis
200 1335 384 1401 intervallis
404 1357 443 1400 ex
461 1335 734 1400 bibliothecarum
750 1336 893 1400 tenebris
912 1336 948 1400 in
964 1337 1069 1401 lucem

56 1425 274 1508 proferantur,
302 1423 451 1489 imminui
480 1427 593 1491 contra
619 1424 815 1508 crederetur,
843 1425 1068 1508 quotienscun-

57 1535 113 1596 que
136 1513 223 1578 liber
249 1513 366 1597 aliquis
390 1513 431 1578 ab
456 1533 494 1578 eo
518 1513 569 1576 cui
599 1511 784 1578 adscribere
807 1514 1068 1584 consueverimus

16 1597 17 1608 ’
56 1601 179 1667 auctori
200 1601 411 1686 abiudicetur,
430 1601 607 1666 maximum
621 1600 772 1666 ,futurum
791 1622 861 1666 esse
879 1601 1069 1686 periculum,

54 1712 90 1754 ne
113 1692 247 1754 nostrae
271 1690 387 1755 aetatis
410 1689 572 1774 philologi
595 1690 704 1773 potius
722 1691 948 1756 retrocessisre
972 1712 1068 1773 quam

16 1825 17 1878 ,
54 1780 177 1862 priores
202 1801 372 1862 superasse
395 1778 580 1843 viderentur
601 1778 781 1851 rectissime
810 1779 966 1861 scriptum
989 1779 1068 1862 legi-

54 1889 123 1932 mus
138 1867 174 1932 in
188 1867 307 1932 eximie
321 1866 531 1949 wauslini,
546 1865 608 1930 viri
623 1865 813 1950 doctissimi,
832 1866 1069 1947 dissertatione,

53 1979 133 2040 quae
158 1960 210 2021 est
232 1956 271 2021 da
293 1956 329 2022 L.
352 1955 480 2020 Annaei
503 1951 643 2020 Senecae
666 1953 809 2019 monitis.
851 1953 958 2029 Quare
980 1953 1067 2019 haud

53 2046 211 2110 absonum
242 2045 322 2108 mihi
354 2044 461 2110 visum
490 2047 541 2108 est
573 2043 780 2126 antiquitatis
809 2041 916 2108 studia
946 2042 1067 2108 librum

54 2133 213 2217 quendam
236 2133 400 2200 oblivione
428 2153 562 2216 prorsus
591 2132 742 2197 obrutum
767 2131 887 2196 edendo
911 2153 969 2214 pro
993 2153 1067 2196 mea

53 2226 144 2304 parte
158 2242 358 2304 promovere,
377 2243 473 2305 quem
490 2221 518 2286 si
538 2221 593 2305 qui
611 2223 745 2304 propter
764 2219 890 2284 dicendi
907 2220 1067 2284 rationem

16 2309 17 2336 l
53 2311 88 2375 ab
123 2309 257 2392 optimis
287 2309 501 2394 scriptoribus
532 2312 691 2374 remotam
723 2308 816 2392 parvi
848 2308 1068 2374 aestimabunt

52 2419 145 2481 spero
170 2397 317 2462 futurum
340 2419 410 2462 esse
433 2398 547 2463 utilem
572 2401 605 2461 et
628 2397 667 2461 ad
691 2396 820 2462 litteras
840 2397 991 2480 antiquas
1016 2419 1067 2462 ac·
1095 2413 1099 2418 ’

53 2487 192 2551 curatius
216 2508 316 2570 quam
338 2486 444 2551 adbuc
467 2487 538 2550 lieri
565 2486 673 2568 potuit
696 2485 945 2568 perscrutandas
970 2488 1003 2550 et
1026 2485 1066 2550 ad

50 2573 177 2639 fabulas
214 2575 331 2640 melius
368 2573 616 2658 intellegendas,
654 2595 734 2658 quas
773 2574 811 2639 de
849 2571 1066 2638 Constantino

50 2661 170 2746 Magno
199 2663 332 2747 eiusque
360 2667 464 2728 matre
491 2664 611 2728 iterum
633 2661 814 2747 iterumque
838 2662 1068 2746 excogitabant

51 2771 160 2816 novas.

136 2838 290 2905 Namt
253 2843 290 2904 ut
317 2844 424 2906 cetera
446 2811 609 2924 omittam,
637 2861 688 2922 ea,
714 2860 796 2922 quae
820 2835 934 2902 Suidas
958 2835 1013 2922 (II,
1036 2859 1066 2921 p.

16 2901 18 3012 l
51 2929 114 2994 382
144 2927 193 2992 ed
221 2926 425 3012 Bernhardy)
454 2929 492 2994 de
525 2931 577 2992 rat
562 2889 707 2992 tionibis
741 2926 935 3011 quibusdam
971 2926 1067 2992 nobis

16 3015 198 3100 tradidit,
235 3017 352 3100 quibus
391 3014 603 3082 Constantius
643 3013 779 3080 Chlorus
816 3013 1067 3081 Constantinum

16 3091 153 3196 {filium
173 3127 267 3169 suum
286 3105 477 3189 cognovisse
496 3105 623 3184 dicitur,
644 3126 682 3169 ex
702 3105 747 3169 eis
766 3103 871 3189 libris,
888 3127 945 3188 qur
936 3104 1068 3170 adhuc

16 3217 17 3304 l
16 3179 1068 3390 linh²30llzd¹¹ll¹li¹¹¹d0fallatiislibaid

52 3366 85 3434 dt
108 3371 154 3458 τῷ
179 3367 279 3453 πατρὶ
302 3365 385 3435 κατά
408 3393 502 3446 τινας
524 3373 715 3455 γνωρίμους
735 3367 880 3454 τρόπους
902 3371 950 3432 ita
967 3369 1067 3432 inter-

16 3503 17 3506 ,
51 3458 173 3538 pretari
197 3458 286 3542 licet,
313 3463 350 3524 ut
375 3459 493 3524 sinon
517 3459 649 3524 eandem
679 3459 819 3523 similem
848 3460 932 3522 certe
955 3477 1067 3520 narra·

51 3547 173 3612 tionem
201 3543 317 3612 Suidas
342 3550 417 3612 ante
438 3547 549 3614 oculos
572 3547 726 3612 babuisse
745 3547 869 3611 dicatur
893 3546 990 3628 atquc
1012 3543 1066 3610 hic
