2552 4048
475 255 713 319 -111-

79 395 262 548 {oripttaurap
299 394 425 548 dirripae
465 395 668 549 lidfimonill
689 396 828 548 l'absque
862 396 1099 498 'disputationis

77 505 350 638 suurn.
372 505 1100 658 ellassasruruoo,uu

78 661 194 744 paucis
222 661 435 746 testimoniis,
463 661 547 728 sicut
568 660 764 728 Maximinus
790 661 928 728 irridens
951 663 1100 748 petierat,

79 750 137 814 sed
165 749 308 834 copiosis
335 753 403 816 tam
430 751 561 833 veteris,
592 772 689 835 quam
723 751 800 816 novi
831 751 1020 816 testamenti
1050 751 1100 816 in·
1136 767 1153 816 o

80 838 177 904 diciis
201 838 395 923 approbavit
417 841 450 902 et
471 839 581 904 libello
605 839 713 904 edidit.

462 1002 543 1092 Oop.
566 1001 726 1074 XCVII.

172 1139 354 1224 Eugenius,
382 1137 663 1225 Carthaginiensis
692 1139 823 1205 Africae
855 1140 998 1207 civitatis
1034 1141 1100 1226 epi-

81 1251 202 1313 scopus
225 1232 258 1292 ct
280 1227 448 1294 confessor
469 1228 636 1314 publicus,
660 1229 845 1295 admonitus
869 1231 910 1295 ab
928 1229 1101 1317 Hunerico,

80 1317 307 1383 Vandalorum
325 1337 410 1402 rege,
429 1317 607 1383 catholicae
628 1317 704 1384 fidei
722 1319 959 1402 expositionem
978 1323 1011 1384 et
1030 1341 1097 1384 ma·
1118 1335 1152 1384 10

80 1407 168 1470 xime
187 1405 278 1471 verbi
293 1404 478 1471 ‘homousii'
492 1407 725 1490 proprietatem
744 1407 914 1491 disserere,
932 1429 1005 1472 cum
1024 1429 1100 1472 oon-

82 1517 180 1560 sensu
204 1493 349 1560 omnium
368 1493 499 1558 Africae
517 1493 733 1560 Mauritaniae
757 1499 790 1559 et
812 1493 980 1562 Sardiniae
1003 1499 1099 1580 atquc

81 1582 236 1649 Corsicae
255 1583 479 1668 episcoporum
503 1587 536 1647 et
555 1583 785 1668 confessorum,
803 1584 859 1668 qui
882 1584 917 1650 in
941 1585 1100 1650 catholica

80 1675 334 1757 permanserunt
355 1671 432 1756 fide,
457 1673 640 1756 composuit
663 1673 783 1738 librum
806 1672 881 1738 fidei
903 1695 971 1738 non
994 1674 1099 1738 solum

81 1765 269 1826 sanctarum
289 1761 520 1844 scripturarum
540 1761 726 1845 sententiis,
741 1761 797 1826 sed
815 1765 849 1825 et
861 1765 992 1845 patrum
1005 1763 1097 1826 testi·
1118 1777 1152 1826 15

80 1849 201 1916 moniis
234 1849 415 1933 munitum,
446 1852 479 1912 et
509 1869 568 1932 per
600 1849 740 1934 collegas
772 1848 988 1914 confessionis
1021 1871 1098 1916 suae

79 1938 237 2022 porrexit.
291 1937 362 2002 Iam
389 1959 465 2002 vero
494 1937 709 2021 asportandus
739 1958 798 2021 pro
830 1937 935 2002 fidelis
968 1939 1098 2023 linguae

80 2026 340 2092 remuneratione
363 2027 398 2090 in
420 2025 569 2091 exsilium
588 2026 757 2110 epistulas,
775 2027 865 2090 velut
886 2027 1098 2092 commonito·

80 2117 131 2181 ria
153 2115 230 2180 fidei
253 2118 286 2179 et
303 2115 398 2180 nnius
410 2115 503 2178 sacri
522 2118 554 2178 et
574 2114 788 2180 conservandi
806 2113 1014 2199 baptismatis
1033 2115 1100 2181 ovi·

81 2205 144 2270 bus
169 2204 253 2287 suis,
277 2203 372 2289 quasi
399 2206 513 2287 pastor
537 2203 705 2288 sollicitus,
728 2203 907 2288 dereliquit.
945 2202 1100 2270 ‘Alterca
1118 2220 1153 2270 20

83 2289 207 2360 tiones'
232 2313 373 2377 quoquc,
401 2313 481 2376 quas
504 2314 577 2357 cum
600 2291 795 2357 Asianorum
817 2292 1021 2377 praesulibus
1044 2314 1102 2377 per

82 2381 304 2448 internuntios
326 2381 455 2464 habuit,
479 2381 672 2465 conscripsit
695 2383 728 2446 et
749 2379 940 2467 relegendas
958 2403 1016 2466 per
1033 2403 1101 2446 ma-

81 2471 188 2537 iorem
202 2470 318 2535 domus
333 2468 496 2534 Hunerioo
514 2470 706 2536 transmisit.
744 2468 901 2535 Similiter
919 2474 952 2534 et
966 2469 1100 2556 ‘preces’

81 2582 144 2645 pro
168 2559 278 2643 quiete
303 2554 566 2623 Christianorum
594 2559 698 2622 cidem
731 2559 820 2623 velut
848 2559 1016 2644 apologias
1046 2559 1100 2624 ob·

83 2648 172 2713 tulit.
193 2646 312 2712 Vivere
328 2646 432 2712 adhuc
451 2647 492 2711 ad
510 2647 788 2712 confirmationem
806 2648 958 2712 ecclesiae
973 2648 1098 2712 dicitur.
1119 2662 1153 2711 25

446 2808 527 2901 Oop.
559 2809 742 2881 XCVIII.

175 2946 357 3032 Pomerius,
389 2947 520 3012 natione
548 2947 696 3031 Maurus,
727 2947 762 3010 in
791 2944 899 3011 Gallia
930 2947 1102 3032 presbyter

85 3037 271 3120 ordinatur,
301 3035 579 3122 interrogantibus
609 3039 641 3100 et
667 3035 860 3119 rogantibus
883 3034 1012 3102 Iuliano
1036 3035 1101 3121 epi-

84 3147 185 3210 scopo
209 3123 297 3191 Vero
320 3125 525 3209 presbytero,
555 3124 758 3210 dialogorum
781 3146 870 3190 more
892 3125 1101 3209 respondeus,

85 3217 158 3279 arte
182 3213 352 3279 dialectica
380 3217 413 3278 et
440 3235 587 3278 sermone
615 3213 810 3298 ingenioque
834 3217 947 3299 aperto
971 3233 1100 3296 compo·
1119 3228 1154 3278 30

86 3302 155 3368 suit
179 3301 230 3366 ‘de
248 3305 365 3367 natura
383 3302 511 3367 animae
535 3305 568 3366 et
585 3302 752 3386 qualitate'
776 3304 854 3388 eius,
878 3301 972 3367 etde
995 3322 1101 3366 resur-

162 3446 178 3494 2
198 3437 375 3510 exspectatur
392 3457 470 3511 pron.
490 3440 740 3496 demonstrativum
796 3447 828 3496 17
847 3438 987 3495 Norimb.:
1007 3454 1101 3508 aspor-

87 3511 207 3566 tandum
227 3511 312 3566 ctiam
331 3528 381 3582 pro
402 3555 407 3568 .
427 3553 434 3568 .
