2552 4048
542 263 673 338 ..¹28
719 310 762 320 .-

90 430 134 496 43
234 431 386 518 Receptis
417 437 526 498 autem
553 433 605 497 his
632 433 726 497 novis
752 431 932 515 imperator
962 429 1162 498 Graecorum

145 524 178 585 et
200 521 391 606 imperatrix
413 523 448 586 in
470 526 597 587 tantam
620 523 837 605 proruperunt
854 520 977 585 doloris
1000 525 1034 586 et
1057 524 1162 606 gemi-

143 612 198 674 tus
211 611 458 694 vehementiam,
477 611 564 694 quod
577 610 771 674 videbantur
790 611 882 674 extra
899 611 1041 674 mentem
1058 611 1163 695 positi

145 700 178 762 et
197 719 231 762 se
249 699 339 782 ipsos
357 699 442 764 velle
460 699 617 784 iugulare.
649 697 741 773 Quod
759 697 905 763 videntes
923 698 1161 765 ambasiatores
1274 777 1275 780 Ἴ

145 789 178 850 et
213 787 321 852 nuntii
359 788 461 872 ipsius
497 787 705 870 imperatoris
742 786 882 852 Romani
918 787 1069 853 dixerunt
1105 789 1191 852 iis:⁵

145 872 268 940 ‘Nolite
288 877 488 960 contristari,
510 877 613 941 nolite
631 875 742 960 itaque
761 874 881 958 facere3
905 875 1053 941 dominus
1073 877 1162 942 enim

144 962 322 1047 imperator
349 963 585 1048 Romanorum,
616 964 791 1030 secundum
819 963 904 1048 quod
933 986 1025 1028 suem
1053 965 1162 1030 decuit

144 1052 360 1134 maiestatem,
382 1053 496 1118 nolens
515 1056 584 1120 tam
604 1073 796 1138 generosam
819 1052 994 1137 dominam,
1017 1057 1161 1119 vestram

144 1139 261 1220 filiam,
283 1141 354 1205 fore
377 1145 445 1206 tarn
470 1141 700 1206 miserabiliter
718 1141 898 1225 seductam,
920 1162 997 1205 mcx
1020 1141 1161 1206 veritate

146 1249 242 1311 super
264 1227 451 1293 huiusmodi
474 1232 640 1331 comperta
662 1227 765 1294 Gonst
751 1229 913 1294 tantinum
935 1229 1041 1294 filium
1064 1252 1161 1294 suum
1177 1249 1204 1287 10

145 1319 179 1380 et
200 1319 344 1381 vestram
372 1317 476 1382 filiam
500 1318 568 1382 eius
595 1339 729 1382 uxorem
752 1339 828 1382 suos
850 1317 946 1382 instit
931 1317 996 1382 tuit
1025 1317 1161 1384 heredes

145 1408 179 1468 et
209 1403 391 1470 Romani
381 1406 512 1489 imperii
544 1427 754 1470 successores.
794 1405 840 1470 Ilt
871 1406 954 1489 volt,
987 1405 1015 1470 si
1041 1407 1161 1492 placet,

145 1493 268 1576 omnia,
297 1515 379 1578 quae
406 1516 465 1578 per
492 1495 675 1578 praedictos
698 1497 908 1578 mercatores,
932 1456 1010 1559 licet
1033 1493 1162 1580 callide,

144 1584 287 1647 tractata
300 1583 438 1660 fuerant,
451 1583 620 1647 vobiscum
633 1582 745 1646 tetulit
730 1585 782 1647 ter
793 1603 1019 1648 consummare
1032 1604 1161 1667 pacem-

145 1690 207 1753 que
229 1673 419 1754 perpetuam
442 1671 610 1735 vobiscum
632 1670 738 1734 facere
761 1675 795 1735 et
818 1693 955 1736 servare
1177 1688 1203 1730 1⁵

91 1753 136 1817 44
234 1755 326 1833 Quod
355 1758 486 1822 audient
471 1761 521 1822 tes
552 1758 732 1842 imperator
760 1757 958 1824 Graecorum
990 1782 1055 1824 una
1086 1783 1162 1826 cum

134 1845 350 1929 imperatrice
379 1847 419 1911 ad
444 1869 478 1912 se
501 1847 623 1912 reversi
650 1869 729 1932 prae
754 1847 872 1931 gaudio
896 1848 1066 1914 lacrimare
1090 1865 1162 1914 coe·

143 1938 262 2017 pemmt
284 1935 443 2000 dicentes:
476 1933 588 2000 ‘Vivat
605 1936 783 2020 imperator
803 1934 1027 2002 Romanorum
1046 1939 1111 2002 et
1100 1959 1162 2002 rm-

144 2023 276 2106 peret
265 2045 301 2087 rn
327 2024 493 2108 praesenti
524 2025 652 2089 saeculo
684 2024 824 2089 feliciter
852 2028 885 2088 et
915 2029 993 2109 post
1020 2029 1162 2092 mortem

144 2131 218 2175 eum
241 2111 303 2175 diis
331 2112 525 2176 sublimibus
549 2115 714 2177 aeternam
736 2133 795 2196 pro
820 2134 879 2177 sua
900 2113 1038 2198 pietate,
1062 2135 1161 2216 quam
1176 2133 1203 2172 20

145 2198 230 2262 circa
260 2221 321 2264 nos
354 2205 387 2266 et
418 2204 564 2266 nostram
596 2201 699 2265 filiam
730 2201 858 2266 unicam
893 2201 987 2286 facit,
1023 2203 1162 2286 recipiat

144 2286 284 2370 gloriam
314 2291 346 2352 et
331 2288 539 2354 t.hon0rem
579 2289 624 2354 nt
610 2293 711 2354 tnos
739 2290 809 2354 uice
834 2310 931 2358 versa
959 2311 1068 2356 secum
1095 2313 1162 2357 non

145 2375 250 2439 solum
277 2398 404 2478 pacem·
416 2377 522 2442 facere
550 2381 583 2440 et
606 2397 752 2474 servare
762 2377 926 2462 volumus,
954 2379 1042 2444 sed
1032 2401 1068 2444 1n
1089 2402 1161 2464 per-

143 2467 278 2546 petuum
308 2465 349 2528 ab
377 2465 446 2528 eius
474 2464 619 2529 amicitia
647 2468 680 2529 et
708 2487 817 2530 amore
844 2467 996 2532 nolumus
1025 2472 1162 2553 propter

145 2572 379 2654 quamcumque
406 2573 476 2617 rem
504 2553 616 2617 mundi
644 2555 797 2638 separari.
838 2553 884 2619 Et
907 2576 946 2620 ex
968 2577 1054 2620 nunc
1078 2555 1160 2623 Gon·
1175 2571 1200 2613 2⁵

145 2639 325 2705 stantinum
345 2640 414 2704 eius
437 2641 543 2706 filium
561 2645 711 2706 nostrum
734 2642 885 2708 heredem
904 2643 1107 2710 instituimus
1127 2651 1161 2710 et

144 2727 180 2792 in
204 2727 402 2794 Graecorum
425 2730 563 2814 imperio
587 2729 723 2795 facimus
748 2731 988 2797 successorem'

11 2829 15 2832 ’
90 2829 134 2895 45
234 2817 303 2893 Quo
328 2817 440 2883 audito
405 2821 497 2883 tet
519 2819 608 2884 facto
632 2819 869 2884 ambasiatores
893 2817 1054 2886 Constant
996 2821 1078 2886 arrtii
1100 2821 1159 2886 im·

143 2907 305 2987 peratoris
328 2906 491 2972 dixerunt·
524 2905 674 2972 ‘Domine
697 2908 891 2991 imperator,
913 2909 1042 2991 placeat
1063 2910 1158 2975 vobis

143 2993 270 3078 legatos
298 2998 425 3060 vestros
456 3000 489 3060 et
510 2997 643 3061 nuntios
666 2996 836 3061 nobiscum
859 2997 900 3060 ad
922 2995 1061 3062 Romam
1085 3020 1158 3064 cum
1173 3013 1200 3054 ³0

142 3081 238 3164 pleno
266 3083 420 3148 mandato
448 3085 580 3149 mittere
611 3084 652 3149 ad
680 3084 790 3148 omnia
817 3085 881 3148 ista
907 3087 1161 3168 perficiendaet

144 3169 183 3234 ad
202 3169 422 3254 recipiendum
440 3171 502 3237 hoc
520 3173 606 3237 idem
621 3195 640 3237 a
655 3172 786 3238 dominc
805 3176 917 3238 nostro
937 3172 1161 3240 Romanorum

216 3325 305 3380 lhiis
325 3328 401 3382 codd.
490 3329 713 3410 2proruperunt
732 3327 773 3395 F,
791 3332 1015 3400 prorupeverunt
1031 3330 1069 3386 D
1143 3337 1160 3386 5

142 3395 255 3450 nunccii
274 3398 350 3452 codd
424 3397 463 3454 eis
481 3399 525 3466 D,
543 3397 601 3452 illis
621 3399 657 3453 F.
740 3400 838 3454 efore
856 3417 904 3456 om
927 3401 962 3456 F.
1047 3403 1161 3456 12v01t

144 3468 220 3522 codd.
286 3474 320 3522 14
335 3483 497 3523 consumare
513 3472 599 3537 codd„
614 3485 805 3553 consummare
820 3473 932 3527 correxi
999 3477 1033 3528 21
1047 3471 1161 3526 unicam

143 3551 193 3591 om.
214 3536 250 3591 F.
323 3544 357 3594 29
376 3541 473 3610 placet
490 3540 526 3596 F.
600 3547 635 3596 30
652 3541 786 3596 nunccios
805 3545 881 3599 codd
