2546 4036
535 211 665 274 -40
712 226 762 256 —-'

136 355 264 418 constet
295 373 369 417 eum
397 373 498 437 usque
527 350 568 417 ad
596 354 774 418 extremam
802 350 902 416 vitam
929 347 1158 418 Christianum

136 461 368 525 perseverasse.
501 493 503 498 .
952 471 955 476 ·

553 551 635 644 Cap.
663 547 767 622 LVI.

227 687 430 768 Ambrosius,
452 687 593 774 primum
610 687 829 771 Marcionitas,
851 686 927 752 dein
949 685 991 752 'ab
1015 685 1162 772 Origene

86 802 103 852 5
141 781 313 862 correctus,
332 777 485 842 eeclesiae
503 777 666 862 diaconus,
688 777 722 842 et
739 775 954 842 confessionis
972 774 1161 840 dominicae

140 865 246 951 gloria
272 865 411 952 insignis
437 865 509 931 fuit.
559 863 619 930 Oui
646 886 720 930 cum
746 863 932 936 Protooteto
962 863 1158 949 presbytero

136 953 219 1020 liber
241 953 391 1039 Origenis
418 953 457 1018 de
487 951 645 1038 martyrio
668 953 834 1036 scribitur3
862 952 960 1018 huius
981 949 1159 1036 industria,

138 1046 279 1144 sumptu,
302 1043 522 1128 instantiaque
540 1043 670 1108 adiutus
692 1041 821 1106 infinita
839 1039 996 1126 Origenes
1020 1040 1161 1106 dietavit

84 1245 119 1294 10
137 1130 347 1284 VOIundhxdatet
364 1179 448 1302 ipse,
464 1219 583 1304 quippe
602 1221 640 1282 ut
656 1218 705 1282 vir
722 1217 851 1303 nobilis,
872 1217 1154 1302 non-inelegantis

137 1306 358 1460 lilith
384 1305 1159 1462 coruncaniusulli

138 1415 346 1568 &plerisque
374 1483 631 1568 reprehenditur,
664 1484 766 1568 quod,
793 1415 1027 1568 virgloou’ples,
1056 1481 1158 1547 amici

139 1571 226 1636 senis
249 1575 283 1636 et
304 1571 458 1656 pauperis
484 1572 626 1637 moriens
648 1573 836 1638 recordatus
858 1573 1000 1638 nonsit

86 1782 122 1832 15
422 1709 425 1714 Ι
530 1752 613 1844 Cap.
640 1707 767 1826 LVII.

229 1887 398 1974 Tryphon,
432 1887 582 1976 origenis
610 1891 752 1970 auditor,
783 1890 824 1956 ad
851 1911 947 1974 quem
977 1887 1164 1955 nonnullae

139 1977 209 2043 eius
234 1981 363 2044 exstant
385 1978 550 2063 epistulae,
573 1979 609 2043 in
632 1979 800 2063 scripturis
823 1977 1059 2044 eruditissimus
1082 1972 1160 2040 fuit.

140 2065 232 2142 Quod
256 2067 385 2150 quidem
409 2067 442 2134 et
468 2065 670 2134 multamus
694 2067 833 2152 sparsim
856 2066 1032 2133 ostendunt
1059 2085 1161 2149 opus·

139 2155 226 2236 cula,
254 2155 309 2219 sed
333 2156 505 2242 praecipue
532 2155 615 2220 liber
647 2177 742 2240 quem
770 2155 953 2240 composuit
980 2153 1018 2218 de
1043 2152 1161 2219 ‘vacca

85 2267 121 2318 20
139 2241 223 2306 rufa'
246 2242 281 2308 in
304 2241 547 2309 deuteronomio
571 2246 604 2308 et
626 2243 665 2308 de
689 2240 1050 2326 ‘dichotomematibus’,
1074 2261 1162 2325 quae

139 2353 213 2396 cum
227 2331 377 2396 columba
389 2333 422 2396 et
435 2334 561 2396 turture
576 2331 616 2396 ab
623 2333 787 2424 Abraham
803 2337 970 2418 ponuntur
983 2331 1019 2395 in
1029 2329 1162 2394 Genesi.

520 2529 603 2621 cap.
631 2529 781 2602 LVIII.

228 2665 388 2732 Minucius
404 2665 505 2750 Felix,
517 2665 641 2758 Romae
659 2667 799 2770 insignis
819 2666 1008 2749 causidicus,
1022 2654 1161 2748 scripsit

140 2754 305 2841 dialogum
319 2753 497 2822 Christiani
516 2759 549 2821 et
568 2754 690 2822 ethnici
708 2755 915 2841 disputantis,
932 2755 987 2842 qui
1002 2753 1160 2820 Octavius

86 2868 121 2917 25
140 2844 337 2910 inscribitur.
384 2843 446 2910 Sed
470 2847 502 2910 et
525 2844 608 2913 alius
636 2846 696 2910 sub
724 2844 856 2912 nomina
879 2842 947 2910 eius
975 2843 1084 2908 fertur,
1102 2840 1161 2906 ‘de

139 2931 223 2998 fato'
245 2932 296 2997 vel
320 2932 445 3000 ‘contra
472 2931 739 3018 mathematicos',
767 2933 836 3018 qui,
864 2954 937 2998 oum
964 2931 1008 2997 sit
1030 2933 1064 2996 et
1086 2929 1161 3014 ipse

213 3111 229 3158 6
247 3103 360 3160 Rama:
379 3105 502 3160 cuicum
516 3105 663 3162 Theotisto
681 3107 845 3176 presbytero
863 3105 936 3161 liber
997 3147 1003 3159 .
1018 3102 1160 3160 scribitur.

140 3175 230 3230 Huius
252 3175 392 3231 industria
410 3177 440 3230 et
462 3179 574 3258 sumptu
593 3179 623 3232 ct
639 3176 775 3248 instantia
798 3179 828 3232 et
857 3177 950 3236 adhuc
971 3175 1083 3230 infinita

140 3245 218 3302 Vct:
228 3263 295 3302 nam
309 3263 373 3302 cum
387 3245 578 3302 *Theootrsto
591 3247 755 3327 presbytero
764 3244 838 3304 liber
852 3247 981 3320 Origenis
996 3290 1002 3302 .
1015 3291 1020 3303 .
1033 3245 1160 3307 „scribe-

139 3317 230 3384 retnr‚
247 3315 332 3372 huius
349 3315 489 3372 industria
508 3359 514 3373 .
530 3359 536 3372 .
552 3360 558 3374 .
577 3317 733 3388 perfectum
751 3319 794 3373 est
812 3320 841 3374 et
859 3319 895 3374 ad
912 3319 987 3373 hunc
1007 3358 1058 3373 ...

141 3393 176 3440 14
194 3385 305 3443 Bamba
323 3389 437 3444 nonest
545 3394 578 3444 16
592 3387 669 3456 Vct:
688 3389 801 3444 adiutor
913 3387 1104 3444 21Norimb.:
1123 3387 1161 3442 ab
1185 3413 1193 3424 κ

138 3456 303 3514 Abrahamo
