<?xml version="1.0" encoding="UTF-8"?>
<!DOCTYPE html PUBLIC "-//W3C//DTD XHTML 1.0 Transitional//EN"
    "http://www.w3.org/TR/xhtml1/DTD/xhtml1-transitional.dtd">
<html xmlns="http://www.w3.org/1999/xhtml" xml:lang="en" lang="en">
 <head>
  <title>
</title>
<meta http-equiv="Content-Type" content="text/html;charset=utf-8" />
  <meta name='ocr-system' content='tesseract 3.04.00' />
  <meta name='ocr-capabilities' content='ocr_page ocr_carea ocr_par ocr_line ocrx_word'/>
</head>
<body>
  <div class='ocr_page' id='page_1' title='image "./devirisinlustri00herdgoog_0124.png"; bbox 0 0 2552 4048; ppageno 0'>
   <div class='ocr_carea' id='block_1_1' title="bbox 574 233 793 297">
    <p class='ocr_par' dir='ltr' id='par_1_1' title="bbox 574 233 793 297">
     <span class='ocr_line' id='line_1_1' title="bbox 574 233 793 297; baseline 0 -17"><span class='ocrx_word' id='word_1_1' title='bbox 574 233 793 297; x_wconf 66' lang='lat'><strong>...72„</strong></span> 
     </span>
    </p>
   </div>
   <div class='ocr_carea' id='block_1_2' title="bbox 177 373 1261 844">
    <p class='ocr_par' dir='ltr' id='par_1_2' title="bbox 177 373 1261 782">
     <span class='ocr_line' id='line_1_2' title="bbox 177 373 1261 460; baseline 0.001 -20"><span class='ocrx_word' id='word_1_2' title='bbox 177 375 306 458; x_wconf 89' lang='lat' dir='ltr'><strong>doctus,</strong></span> <span class='ocrx_word' id='word_1_3' title='bbox 334 373 391 439; x_wconf 86' lang='lat' dir='ltr'><strong>ssd</strong></span> <span class='ocrx_word' id='word_1_4' title='bbox 415 374 543 440; x_wconf 82' lang='lat' dir='ltr'><strong>vivente</strong></span> <span class='ocrx_word' id='word_1_5' title='bbox 565 373 723 460; x_wconf 80' lang='lat' dir='ltr'><strong>magistro</strong></span> <span class='ocrx_word' id='word_1_6' title='bbox 748 375 852 442; x_wconf 85' lang='lat' dir='ltr'><strong>clarus</strong></span> <span class='ocrx_word' id='word_1_7' title='bbox 875 375 911 439; x_wconf 92' lang='lat' dir='ltr'><strong>in</strong></span> <span class='ocrx_word' id='word_1_8' title='bbox 935 374 1122 441; x_wconf 88' lang='lat' dir='ltr'><strong>doctoribus</strong></span> <span class='ocrx_word' id='word_1_9' title='bbox 1146 397 1196 442; x_wconf 87' lang='lat' dir='ltr'><strong>ec·</strong></span> <span class='ocrx_word' id='word_1_10' title='bbox 1260 399 1261 456; x_wconf 44' lang='grc' dir='ltr'>ῃ</span> 
     </span>
     <span class='ocr_line' id='line_1_3' title="bbox 177 460 1196 568; baseline 0 -40"><span class='ocrx_word' id='word_1_11' title='bbox 177 463 294 566; x_wconf 74' lang='lat' dir='ltr'><strong>clasiae</strong></span> <span class='ocrx_word' id='word_1_12' title='bbox 317 462 381 568; x_wconf 83' lang='lat' dir='ltr'><strong>fuit</strong></span> <span class='ocrx_word' id='word_1_13' title='bbox 408 465 442 528; x_wconf 88' lang='lat' dir='ltr'><strong>et</strong></span> <span class='ocrx_word' id='word_1_14' title='bbox 467 460 607 564; x_wconf 77' lang='lat' dir='ltr'><strong>maxime</strong></span> <span class='ocrx_word' id='word_1_15' title='bbox 631 483 670 526; x_wconf 86' lang='lat' dir='ltr'><strong>ex</strong></span> <span class='ocrx_word' id='word_1_16' title='bbox 691 465 838 566; x_wconf 79' lang='lat' dir='ltr'><strong>tempore</strong></span> <span class='ocrx_word' id='word_1_17' title='bbox 861 463 1067 566; x_wconf 79' lang='lat' dir='ltr'><strong>declamator.</strong></span> <span class='ocrx_word' id='word_1_18' title='bbox 1114 463 1196 530; x_wconf 88' lang='lat' dir='ltr'><strong>Post</strong></span> 
     </span>
     <span class='ocr_line' id='line_1_4' title="bbox 177 551 1196 637; baseline 0 -21"><span class='ocrx_word' id='word_1_19' title='bbox 177 552 266 616; x_wconf 82' lang='lat' dir='ltr'><strong>illius</strong></span> <span class='ocrx_word' id='word_1_20' title='bbox 290 555 399 616; x_wconf 84' lang='lat' dir='ltr'><strong>autem</strong></span> <span class='ocrx_word' id='word_1_21' title='bbox 423 551 548 618; x_wconf 82' lang='lat' dir='ltr'><strong>obitum</strong></span> <span class='ocrx_word' id='word_1_22' title='bbox 571 571 682 616; x_wconf 84' lang='lat' dir='ltr'><strong>amore</strong></span> <span class='ocrx_word' id='word_1_23' title='bbox 700 554 860 634; x_wconf 82' lang='lat' dir='ltr'><strong>primatus</strong></span> <span class='ocrx_word' id='word_1_24' title='bbox 884 555 917 616; x_wconf 88' lang='lat' dir='ltr'><strong>et</strong></span> <span class='ocrx_word' id='word_1_25' title='bbox 938 573 1081 618; x_wconf 86' lang='lat' dir='ltr'><strong>nomrms</strong></span> <span class='ocrx_word' id='word_1_26' title='bbox 1101 573 1196 637; x_wconf 89' lang='lat' dir='ltr'><strong>sepa-</strong></span> 
     </span>
    </p>

    <p class='ocr_par' dir='ltr' id='par_1_3' title="bbox 1260 789 1261 844">
     <span class='ocr_line' id='line_1_5' title="bbox 1260 789 1261 844; baseline 0 0"><span class='ocrx_word' id='word_1_27' title='bbox 1260 789 1261 844; x_wconf 71' lang='lat' dir='ltr'><strong>i</strong></span> 
     </span>
    </p>
   </div>
   <div class='ocr_carea' id='block_1_3' title="bbox 123 639 1261 1324">
    <p class='ocr_par' dir='ltr' id='par_1_4' title="bbox 123 639 1261 1324">
     <span class='ocr_line' id='line_1_6' title="bbox 177 639 1197 723; baseline 0.001 -18"><span class='ocrx_word' id='word_1_28' title='bbox 177 661 309 705; x_wconf 90' lang='lat' dir='ltr'><strong>ransse</strong></span> <span class='ocrx_word' id='word_1_29' title='bbox 328 639 369 705; x_wconf 90' lang='lat' dir='ltr'><strong>ab</strong></span> <span class='ocrx_word' id='word_1_30' title='bbox 388 639 524 704; x_wconf 83' lang='lat' dir='ltr'><strong>ecclesia</strong></span> <span class='ocrx_word' id='word_1_31' title='bbox 543 639 677 723; x_wconf 79' lang='lat' dir='ltr'><strong>scripsit</strong></span> <span class='ocrx_word' id='word_1_32' title='bbox 695 641 857 705; x_wconf 87' lang='lat' dir='ltr'><strong>contraria</strong></span> <span class='ocrx_word' id='word_1_33' title='bbox 875 640 978 704; x_wconf 87' lang='lat' dir='ltr'><strong>multa</strong></span> <span class='ocrx_word' id='word_1_34' title='bbox 995 639 1079 706; x_wconf 90' lang='lat' dir='ltr'><strong>fidei.</strong></span> <span class='ocrx_word' id='word_1_35' title='bbox 1109 640 1197 706; x_wconf 89' lang='lat' dir='ltr'><strong>Huic</strong></span> 
     </span>
     <span class='ocr_line' id='line_1_7' title="bbox 143 727 1198 812; baseline 0.002 -20"><span class='ocrx_word' id='word_1_36' title='bbox 143 729 328 794; x_wconf 75' lang='lat' dir='ltr'><strong>sobitums</strong></span> <span class='ocrx_word' id='word_1_37' title='bbox 362 729 477 792; x_wconf 86' lang='lat' dir='ltr'><strong>beatus</strong></span> <span class='ocrx_word' id='word_1_38' title='bbox 504 727 648 812; x_wconf 80' lang='lat' dir='ltr'>Ephrem</span> <span class='ocrx_word' id='word_1_39' title='bbox 679 729 803 793; x_wconf 89' lang='lat' dir='ltr'><strong>astanti</strong></span> <span class='ocrx_word' id='word_1_40' title='bbox 824 727 898 793; x_wconf 80' lang='lat' dir='ltr'><strong>sibi</strong></span> <span class='ocrx_word' id='word_1_41' title='bbox 931 728 1050 794; x_wconf 80' lang='lat' dir='ltr'><strong>dixisse</strong></span> <span class='ocrx_word' id='word_1_42' title='bbox 1077 729 1198 794; x_wconf 86' lang='lat' dir='ltr'><strong>fertur:</strong></span> 
     </span>
     <span class='ocr_line' id='line_1_8' title="bbox 179 814 1197 901; baseline 0.001 -20"><span class='ocrx_word' id='word_1_43' title='bbox 179 815 287 900; x_wconf 84' lang='lat' dir='ltr'><strong>‘Vide,</strong></span> <span class='ocrx_word' id='word_1_44' title='bbox 311 814 472 899; x_wconf 88' lang='lat' dir='ltr'><strong>Paulona,</strong></span> <span class='ocrx_word' id='word_1_45' title='bbox 501 837 542 880; x_wconf 86' lang='lat' dir='ltr'><strong>ne</strong></span> <span class='ocrx_word' id='word_1_46' title='bbox 569 817 603 880; x_wconf 89' lang='lat' dir='ltr'><strong>te</strong></span> <span class='ocrx_word' id='word_1_47' title='bbox 626 817 814 882; x_wconf 75' lang='lat' dir='ltr'><strong>summittes</strong></span> <span class='ocrx_word' id='word_1_48' title='bbox 837 817 1090 901; x_wconf 77' lang='lat' dir='ltr'><strong>cogitationibus</strong></span> <span class='ocrx_word' id='word_1_49' title='bbox 1114 817 1197 900; x_wconf 76' lang='lat' dir='ltr'><strong>tuis3</strong></span> 
     </span>
     <span class='ocr_line' id='line_1_9' title="bbox 178 904 1199 990; baseline 0.003 -23"><span class='ocrx_word' id='word_1_50' title='bbox 178 905 234 970; x_wconf 86' lang='lat' dir='ltr'><strong>sed</strong></span> <span class='ocrx_word' id='word_1_51' title='bbox 257 925 331 970; x_wconf 89' lang='lat' dir='ltr'><strong>cum</strong></span> <span class='ocrx_word' id='word_1_52' title='bbox 354 907 388 969; x_wconf 89' lang='lat' dir='ltr'><strong>te</strong></span> <span class='ocrx_word' id='word_1_53' title='bbox 408 904 449 968; x_wconf 88' lang='lat' dir='ltr'><strong>ad</strong></span> <span class='ocrx_word' id='word_1_54' title='bbox 466 926 585 990; x_wconf 82' lang='lat' dir='ltr'><strong>pamm</strong></span> <span class='ocrx_word' id='word_1_55' title='bbox 602 905 884 990; x_wconf 77' lang='lat' dir='ltr'><strong>comprehendisse</strong></span> <span class='ocrx_word' id='word_1_56' title='bbox 901 906 1065 989; x_wconf 80' lang='lat' dir='ltr'><strong>putaveris</strong></span> <span class='ocrx_word' id='word_1_57' title='bbox 1079 905 1199 989; x_wconf 89' lang='lat' dir='ltr'><strong>Deum,</strong></span> 
     </span>
     <span class='ocr_line' id='line_1_10' title="bbox 178 991 1261 1077; baseline 0 -18"><span class='ocrx_word' id='word_1_58' title='bbox 178 994 270 1059; x_wconf 85' lang='lat' dir='ltr'><strong>crede</strong></span> <span class='ocrx_word' id='word_1_59' title='bbox 302 996 335 1058; x_wconf 89' lang='lat' dir='ltr'><strong>te</strong></span> <span class='ocrx_word' id='word_1_60' title='bbox 361 1013 422 1058; x_wconf 92' lang='lat' dir='ltr'><strong>nec</strong></span> <span class='ocrx_word' id='word_1_61' title='bbox 449 991 669 1058; x_wconf 81' lang='lat' dir='ltr'><strong>intellexisse’.</strong></span> <span class='ocrx_word' id='word_1_62' title='bbox 718 992 949 1070; x_wconf 73' lang='lat' dir='ltr'><strong>Praecesserat</strong></span> <span class='ocrx_word' id='word_1_63' title='bbox 975 993 1075 1058; x_wconf 76' lang='lat' dir='ltr'><strong>enim.</strong></span> <span class='ocrx_word' id='word_1_64' title='bbox 1089 994 1196 1077; x_wconf 84' lang='lat' dir='ltr'><strong>illum,</strong></span> <span class='ocrx_word' id='word_1_65' title='bbox 1260 1007 1261 1076; x_wconf 59' lang='lat' dir='ltr'><strong>t</strong></span> 
     </span>
     <span class='ocr_line' id='line_1_11' title="bbox 178 1081 1196 1167; baseline 0.001 -21"><span class='ocrx_word' id='word_1_66' title='bbox 178 1103 216 1146; x_wconf 86' lang='lat' dir='ltr'><strong>ex</strong></span> <span class='ocrx_word' id='word_1_67' title='bbox 239 1081 355 1147; x_wconf 90' lang='lat' dir='ltr'><strong>studiis</strong></span> <span class='ocrx_word' id='word_1_68' title='bbox 378 1083 431 1146; x_wconf 83' lang='lat' dir='ltr'><strong>vel</strong></span> <span class='ocrx_word' id='word_1_69' title='bbox 449 1082 651 1148; x_wconf 76' lang='lat' dir='ltr'><strong>sermonibus</strong></span> <span class='ocrx_word' id='word_1_70' title='bbox 671 1083 752 1166; x_wconf 90' lang='lat' dir='ltr'><strong>eius,</strong></span> <span class='ocrx_word' id='word_1_71' title='bbox 774 1103 860 1148; x_wconf 79' lang='lat' dir='ltr'><strong>nova</strong></span> <span class='ocrx_word' id='word_1_72' title='bbox 876 1083 1074 1167; x_wconf 84' lang='lat' dir='ltr'><strong>investigare</strong></span> <span class='ocrx_word' id='word_1_73' title='bbox 1105 1087 1140 1148; x_wconf 89' lang='lat' dir='ltr'><strong>ct</strong></span> <span class='ocrx_word' id='word_1_74' title='bbox 1162 1084 1196 1147; x_wconf 91' lang='lat' dir='ltr'><strong>in</strong></span> 
     </span>
     <span class='ocr_line' id='line_1_12' title="bbox 123 1169 1261 1256; baseline 0 -22"><span class='ocrx_word' id='word_1_75' title='bbox 123 1187 159 1235; x_wconf 89' lang='lat'><strong>10</strong></span> <span class='ocrx_word' id='word_1_76' title='bbox 178 1171 373 1235; x_wconf 89' lang='lat' dir='ltr'><strong>immensum</strong></span> <span class='ocrx_word' id='word_1_77' title='bbox 409 1169 613 1236; x_wconf 87' lang='lat' dir='ltr'><strong>intellectum</strong></span> <span class='ocrx_word' id='word_1_78' title='bbox 649 1171 795 1254; x_wconf 85' lang='lat' dir='ltr'><strong>tendere,</strong></span> <span class='ocrx_word' id='word_1_79' title='bbox 826 1169 911 1235; x_wconf 88' lang='lat' dir='ltr'><strong>unde</strong></span> <span class='ocrx_word' id='word_1_80' title='bbox 944 1174 976 1236; x_wconf 90' lang='lat' dir='ltr'><strong>et</strong></span> <span class='ocrx_word' id='word_1_81' title='bbox 1008 1171 1197 1256; x_wconf 84' lang='lat' dir='ltr'><strong>frequenter</strong></span> <span class='ocrx_word' id='word_1_82' title='bbox 1260 1177 1261 1234; x_wconf 83' lang='grc' dir='ltr'>ἶ</span> 
     </span>
     <span class='ocr_line' id='line_1_13' title="bbox 179 1256 1261 1324; baseline 0.002 -2"><span class='ocrx_word' id='word_1_83' title='bbox 179 1279 252 1323; x_wconf 88' lang='lat' dir='ltr'><strong>eum</strong></span> <span class='ocrx_word' id='word_1_84' title='bbox 274 1257 488 1322; x_wconf 85' lang='lat' dir='ltr'><strong>Bardesanen</strong></span> <span class='ocrx_word' id='word_1_85' title='bbox 507 1256 671 1323; x_wconf 84' lang='lat' dir='ltr'><strong>novellum</strong></span> <span class='ocrx_word' id='word_1_86' title='bbox 694 1259 843 1324; x_wconf 77' lang='lat' dir='ltr'><strong>vocabat.</strong></span> <span class='ocrx_word' id='word_1_87' title='bbox 1260 1263 1261 1300; x_wconf 54' lang='lat' dir='ltr'><strong>i</strong></span> 
     </span>
    </p>
   </div>
   <div class='ocr_carea' id='block_1_4' title="bbox 599 1437 780 1530">
    <p class='ocr_par' dir='ltr' id='par_1_5' title="bbox 599 1437 780 1530">
     <span class='ocr_line' id='line_1_14' title="bbox 599 1437 780 1530; baseline 0.011 -21"><span class='ocrx_word' id='word_1_88' title='bbox 599 1439 681 1530; x_wconf 80' lang='lat' dir='ltr'><strong>Cep.</strong></span> <span class='ocrx_word' id='word_1_89' title='bbox 711 1437 780 1511; x_wconf 83' lang='lat' dir='ltr'><strong>IV.</strong></span> 
     </span>
    </p>
   </div>
   <div class='ocr_carea' id='block_1_5' title="bbox 180 1575 1196 1748">
    <p class='ocr_par' dir='ltr' id='par_1_6' title="bbox 180 1535 1261 1972">
     <span class='ocr_line' id='line_1_15' title="bbox 267 1575 1196 1644; baseline 0.004 -4"><span class='ocrx_word' id='word_1_90' title='bbox 267 1575 418 1640; x_wconf 85' lang='lat' dir='ltr'><strong>Vitellius</strong></span> <span class='ocrx_word' id='word_1_91' title='bbox 445 1575 527 1640; x_wconf 82' lang='lat' dir='ltr'><strong>Afer</strong></span> <span class='ocrx_word' id='word_1_92' title='bbox 558 1575 808 1642; x_wconf 70' lang='lat' dir='ltr'>Donatistarum</span> <span class='ocrx_word' id='word_1_93' title='bbox 843 1577 984 1643; x_wconf 82' lang='lat' dir='ltr'><strong>schisma</strong></span> <span class='ocrx_word' id='word_1_94' title='bbox 1016 1579 1196 1644; x_wconf 87' lang='lat' dir='ltr'><strong>defendens</strong></span> 
     </span>
     <span class='ocr_line' id='line_1_16' title="bbox 180 1661 1195 1748; baseline 0.004 -20"><span class='ocrx_word' id='word_1_95' title='bbox 180 1663 312 1746; x_wconf 86' lang='lat' dir='ltr'><strong>scripsit</strong></span> <span class='ocrx_word' id='word_1_96' title='bbox 335 1661 385 1728; x_wconf 78' lang='lat' dir='ltr'><strong>‘de</strong></span> <span class='ocrx_word' id='word_1_97' title='bbox 409 1685 447 1728; x_wconf 89' lang='lat' dir='ltr'><strong>eo</strong></span> <span class='ocrx_word' id='word_1_98' title='bbox 471 1665 556 1748; x_wconf 91' lang='lat' dir='ltr'><strong>quod</strong></span> <span class='ocrx_word' id='word_1_99' title='bbox 580 1664 655 1730; x_wconf 90' lang='lat' dir='ltr'><strong>odio</strong></span> <span class='ocrx_word' id='word_1_100' title='bbox 679 1665 746 1730; x_wconf 90' lang='lat' dir='ltr'><strong>sint</strong></span> <span class='ocrx_word' id='word_1_101' title='bbox 773 1666 892 1730; x_wconf 88' lang='lat' dir='ltr'><strong>mundo</strong></span> <span class='ocrx_word' id='word_1_102' title='bbox 916 1665 978 1732; x_wconf 88' lang='lat' dir='ltr'><strong>Dei</strong></span> <span class='ocrx_word' id='word_1_103' title='bbox 1002 1665 1109 1732; x_wconf 85' lang='lat' dir='ltr'><strong>servi&#39;.</strong></span> <span class='ocrx_word' id='word_1_104' title='bbox 1155 1667 1195 1732; x_wconf 91' lang='lat' dir='ltr'><strong>In</strong></span> 
     </span>
    </p>
   </div>
   <div class='ocr_carea' id='block_1_6' title="bbox 97 1751 1261 2280">
    <p class='ocr_par' dir='ltr' id='par_1_7' title="bbox 97 1751 1261 2194">
     <span class='ocr_line' id='line_1_17' title="bbox 97 1751 1197 1839; baseline 0.005 -25"><span class='ocrx_word' id='word_1_105' title='bbox 97 1803 101 1812; x_wconf 93' lang='lat'>.</span> <span class='ocrx_word' id='word_1_106' title='bbox 128 1767 161 1816; x_wconf 79' lang='lat'><strong>15</strong></span> <span class='ocrx_word' id='word_1_107' title='bbox 181 1773 245 1836; x_wconf 89' lang='lat' dir='ltr'><strong>quo</strong></span> <span class='ocrx_word' id='word_1_108' title='bbox 269 1752 297 1816; x_wconf 88' lang='lat' dir='ltr'><strong>si</strong></span> <span class='ocrx_word' id='word_1_109' title='bbox 320 1751 476 1817; x_wconf 71' lang='lat' dir='ltr'><strong>tacuisset</strong></span> <span class='ocrx_word' id='word_1_110' title='bbox 493 1752 532 1817; x_wconf 92' lang='lat' dir='ltr'><strong>de</strong></span> <span class='ocrx_word' id='word_1_111' title='bbox 550 1756 663 1818; x_wconf 88' lang='lat' dir='ltr'><strong>nostro</strong></span> <span class='ocrx_word' id='word_1_112' title='bbox 682 1754 772 1819; x_wconf 86' lang='lat' dir='ltr'><strong>velut</strong></span> <span class='ocrx_word' id='word_1_113' title='bbox 789 1758 1033 1838; x_wconf 77' lang='lat' dir='ltr'><strong>persecutorum</strong></span> <span class='ocrx_word' id='word_1_114' title='bbox 1051 1757 1197 1839; x_wconf 89' lang='lat' dir='ltr'><strong>nomine,</strong></span> 
     </span>
     <span class='ocr_line' id='line_1_18' title="bbox 179 1841 1196 1928; baseline 0.005 -24"><span class='ocrx_word' id='word_1_115' title='bbox 179 1841 344 1926; x_wconf 82' lang='lat' dir='ltr'><strong>egregiam</strong></span> <span class='ocrx_word' id='word_1_116' title='bbox 376 1841 556 1906; x_wconf 82' lang='lat' dir='ltr'><strong>doctrinam</strong></span> <span class='ocrx_word' id='word_1_117' title='bbox 589 1841 752 1916; x_wconf 62' lang='lat' dir='ltr'><strong>ediderat„</strong></span> <span class='ocrx_word' id='word_1_118' title='bbox 793 1841 929 1928; x_wconf 84' lang='lat' dir='ltr'><strong>Scripsit</strong></span> <span class='ocrx_word' id='word_1_119' title='bbox 958 1847 991 1908; x_wconf 89' lang='lat' dir='ltr'><strong>et</strong></span> <span class='ocrx_word' id='word_1_120' title='bbox 1019 1843 1196 1910; x_wconf 78' lang='lat' dir='ltr'><strong>‘adversus</strong></span> 
     </span>
     <span class='ocr_line' id='line_1_19' title="bbox 178 1927 1261 2018; baseline 0 -24"><span class='ocrx_word' id='word_1_121' title='bbox 178 1927 304 2014; x_wconf 84' lang='lat' dir='ltr'><strong>gentes&#39;</strong></span> <span class='ocrx_word' id='word_1_122' title='bbox 338 1932 372 1993; x_wconf 91' lang='lat' dir='ltr'><strong>et</strong></span> <span class='ocrx_word' id='word_1_123' title='bbox 404 1928 557 1995; x_wconf 81' lang='lat' dir='ltr'><strong>adversus</strong></span> <span class='ocrx_word' id='word_1_124' title='bbox 589 1952 668 2015; x_wconf 89' lang='lat' dir='ltr'><strong>nos,</strong></span> <span class='ocrx_word' id='word_1_125' title='bbox 699 1932 788 1996; x_wconf 84' lang='lat' dir='ltr'><strong>velut</strong></span> <span class='ocrx_word' id='word_1_126' title='bbox 818 1931 993 1998; x_wconf 85' lang='lat' dir='ltr'><strong>traditores</strong></span> <span class='ocrx_word' id='word_1_127' title='bbox 1024 1933 1059 1997; x_wconf 90' lang='lat' dir='ltr'><strong>in</strong></span> <span class='ocrx_word' id='word_1_128' title='bbox 1087 1955 1196 2018; x_wconf 88' lang='lat' dir='ltr'><strong>perse·</strong></span> <span class='ocrx_word' id='word_1_129' title='bbox 1260 1975 1261 1994; x_wconf 57' lang='lat'>2</span> 
     </span>
     <span class='ocr_line' id='line_1_20' title="bbox 178 2017 1196 2106; baseline 0.005 -24"><span class='ocrx_word' id='word_1_130' title='bbox 178 2017 307 2082; x_wconf 87' lang='lat' dir='ltr'><strong>cutione</strong></span> <span class='ocrx_word' id='word_1_131' title='bbox 337 2017 520 2082; x_wconf 79' lang='lat' dir='ltr'><strong>divinarum</strong></span> <span class='ocrx_word' id='word_1_132' title='bbox 548 2019 797 2102; x_wconf 87' lang='lat' dir='ltr'><strong>scripturarum,</strong></span> <span class='ocrx_word' id='word_1_133' title='bbox 820 2023 853 2085; x_wconf 85' lang='lat' dir='ltr'><strong>et</strong></span> <span class='ocrx_word' id='word_1_134' title='bbox 882 2020 934 2085; x_wconf 72' lang='lat' dir='ltr'><strong>‘ad</strong></span> <span class='ocrx_word' id='word_1_135' title='bbox 965 2022 1113 2106; x_wconf 81' lang='lat' dir='ltr'><strong>regulam</strong></span> <span class='ocrx_word' id='word_1_136' title='bbox 1146 2043 1196 2086; x_wconf 87' lang='lat' dir='ltr'><strong>ec·</strong></span> 
     </span>
     <span class='ocr_line' id='line_1_21' title="bbox 179 2104 1261 2190; baseline 0.004 -20"><span class='ocrx_word' id='word_1_137' title='bbox 179 2104 410 2171; x_wconf 79' lang='lat' dir='ltr'><strong>ctesiasticam&#39;&#39;</strong></span> <span class='ocrx_word' id='word_1_138' title='bbox 436 2106 634 2190; x_wconf 84' lang='lat' dir='ltr'><strong>pertinentia</strong></span> <span class='ocrx_word' id='word_1_139' title='bbox 661 2109 765 2174; x_wconf 87' lang='lat' dir='ltr'><strong>multa</strong></span> <span class='ocrx_word' id='word_1_140' title='bbox 788 2108 948 2174; x_wconf 88' lang='lat' dir='ltr'><strong>disseruit.</strong></span> <span class='ocrx_word' id='word_1_141' title='bbox 986 2108 1112 2175; x_wconf 84' lang='lat' dir='ltr'><strong>Olaruit</strong></span> <span class='ocrx_word' id='word_1_142' title='bbox 1135 2111 1195 2176; x_wconf 92' lang='lat' dir='ltr'><strong>sub</strong></span> <span class='ocrx_word' id='word_1_143' title='bbox 1260 2107 1261 2172; x_wconf 76' lang='lat' dir='ltr'><strong>t</strong></span> 
     </span>
    </p>

    <p class='ocr_par' dir='ltr' id='par_1_8' title="bbox 125 2193 1261 2280">
     <span class='ocr_line' id='line_1_22' title="bbox 125 2193 1261 2280; baseline 0.004 -22"><span class='ocrx_word' id='word_1_144' title='bbox 125 2211 159 2260; x_wconf 82' lang='lat'><strong>20</strong></span> <span class='ocrx_word' id='word_1_145' title='bbox 179 2193 373 2278; x_wconf 80' lang='lat' dir='ltr'><strong>Constante,</strong></span> <span class='ocrx_word' id='word_1_146' title='bbox 395 2195 462 2260; x_wconf 85' lang='lat' dir='ltr'><strong>iilic</strong></span> <span class='ocrx_word' id='word_1_147' title='bbox 478 2193 685 2260; x_wconf 79' lang='lat' dir='ltr'><strong>Constantini</strong></span> <span class='ocrx_word' id='word_1_148' title='bbox 707 2197 872 2280; x_wconf 87' lang='lat' dir='ltr'><strong>principis.</strong></span> <span class='ocrx_word' id='word_1_149' title='bbox 1260 2195 1261 2218; x_wconf 73' lang='lat'>³</span> 
     </span>
    </p>
   </div>
   <div class='ocr_carea' id='block_1_7' title="bbox 617 2357 760 2450">
    <p class='ocr_par' dir='ltr' id='par_1_9' title="bbox 617 2357 760 2450">
     <span class='ocr_line' id='line_1_23' title="bbox 617 2357 760 2450; baseline 0.014 -22"><span class='ocrx_word' id='word_1_150' title='bbox 617 2359 699 2450; x_wconf 79' lang='lat' dir='ltr'><strong>Cup.</strong></span> <span class='ocrx_word' id='word_1_151' title='bbox 723 2357 760 2430; x_wconf 92' lang='lat' dir='ltr'><strong>V.</strong></span> 
     </span>
    </p>
   </div>
   <div class='ocr_carea' id='block_1_8' title="bbox 97 2492 1261 3092">
    <p class='ocr_par' dir='ltr' id='par_1_10' title="bbox 97 2492 1261 3092">
     <span class='ocr_line' id='line_1_24' title="bbox 266 2492 1261 2582; baseline 0.01 -24"><span class='ocrx_word' id='word_1_152' title='bbox 266 2492 452 2559; x_wconf 88' lang='lat' dir='ltr'><strong>Macrobius</strong></span> <span class='ocrx_word' id='word_1_153' title='bbox 481 2493 666 2580; x_wconf 86' lang='lat' dir='ltr'><strong>presbyter,</strong></span> <span class='ocrx_word' id='word_1_154' title='bbox 696 2496 835 2581; x_wconf 89' lang='lat' dir='ltr'><strong>etipse,</strong></span> <span class='ocrx_word' id='word_1_155' title='bbox 863 2501 900 2561; x_wconf 87' lang='lat' dir='ltr'><strong>ut</strong></span> <span class='ocrx_word' id='word_1_156' title='bbox 928 2497 1056 2582; x_wconf 88' lang='lat' dir='ltr'><strong>scriptis</strong></span> <span class='ocrx_word' id='word_1_157' title='bbox 1081 2497 1194 2582; x_wconf 86' lang='lat' dir='ltr'><strong>Optati</strong></span> <span class='ocrx_word' id='word_1_158' title='bbox 1260 2559 1261 2568; x_wconf 73' lang='grc'>,</span> 
     </span>
     <span class='ocr_line' id='line_1_25' title="bbox 97 2582 1261 2670; baseline 0.003 -23"><span class='ocrx_word' id='word_1_159' title='bbox 97 2593 99 2600; x_wconf 87' lang='grc'><strong>“</strong></span> <span class='ocrx_word' id='word_1_160' title='bbox 177 2582 329 2668; x_wconf 76' lang='lat' dir='ltr'><strong>cognovi,</strong></span> <span class='ocrx_word' id='word_1_161' title='bbox 352 2582 616 2648; x_wconf 88' lang='lat' dir='ltr'><strong>Donatianorum</strong></span> <span class='ocrx_word' id='word_1_162' title='bbox 638 2589 753 2667; x_wconf 84' lang='lat' dir='ltr'><strong>postea</strong></span> <span class='ocrx_word' id='word_1_163' title='bbox 776 2586 810 2649; x_wconf 92' lang='lat' dir='ltr'><strong>in</strong></span> <span class='ocrx_word' id='word_1_164' title='bbox 829 2586 908 2650; x_wconf 89' lang='lat' dir='ltr'><strong>urbe</strong></span> <span class='ocrx_word' id='word_1_165' title='bbox 924 2585 1029 2652; x_wconf 84' lang='lat' dir='ltr'><strong>Roma</strong></span> <span class='ocrx_word' id='word_1_166' title='bbox 1047 2588 1194 2651; x_wconf 86' lang='lat' dir='ltr'><strong>occultus</strong></span> <span class='ocrx_word' id='word_1_167' title='bbox 1260 2591 1261 2670; x_wconf 63' lang='grc' dir='ltr'>ξ</span> 
     </span>
     <span class='ocr_line' id='line_1_26' title="bbox 179 2669 1261 2757; baseline 0.003 -21"><span class='ocrx_word' id='word_1_168' title='bbox 179 2672 348 2757; x_wconf 89' lang='lat' dir='ltr'><strong>episcopus</strong></span> <span class='ocrx_word' id='word_1_169' title='bbox 377 2671 450 2736; x_wconf 79' lang='lat' dir='ltr'><strong>fuit</strong></span> <span class='ocrx_word' id='word_1_170' title='bbox 496 2669 647 2756; x_wconf 81' lang='lat' dir='ltr'><strong>Scripsit,</strong></span> <span class='ocrx_word' id='word_1_171' title='bbox 675 2695 748 2738; x_wconf 89' lang='lat' dir='ltr'><strong>cum</strong></span> <span class='ocrx_word' id='word_1_172' title='bbox 776 2673 880 2739; x_wconf 91' lang='lat' dir='ltr'><strong>adhuc</strong></span> <span class='ocrx_word' id='word_1_173' title='bbox 910 2675 945 2738; x_wconf 92' lang='lat' dir='ltr'><strong>in</strong></span> <span class='ocrx_word' id='word_1_174' title='bbox 973 2675 1109 2739; x_wconf 87' lang='lat' dir='ltr'><strong>ecclesia</strong></span> <span class='ocrx_word' id='word_1_175' title='bbox 1132 2673 1193 2739; x_wconf 87' lang='lat' dir='ltr'><strong>Dei</strong></span> <span class='ocrx_word' id='word_1_176' title='bbox 1260 2709 1261 2756; x_wconf 62' lang='lat'>3</span> 
     </span>
     <span class='ocr_line' id='line_1_27' title="bbox 124 2757 1261 2848; baseline 0.003 -25"><span class='ocrx_word' id='word_1_177' title='bbox 124 2775 157 2824; x_wconf 80' lang='lat'><strong>25</strong></span> <span class='ocrx_word' id='word_1_178' title='bbox 180 2761 352 2845; x_wconf 87' lang='lat' dir='ltr'><strong>presbyter</strong></span> <span class='ocrx_word' id='word_1_179' title='bbox 380 2764 480 2846; x_wconf 88' lang='lat' dir='ltr'><strong>esset,</strong></span> <span class='ocrx_word' id='word_1_180' title='bbox 509 2757 569 2826; x_wconf 69' lang='lat' dir='ltr'><strong>‘ad</strong></span> <span class='ocrx_word' id='word_1_181' title='bbox 596 2761 797 2827; x_wconf 87' lang='lat' dir='ltr'><strong>confessores</strong></span> <span class='ocrx_word' id='word_1_182' title='bbox 825 2767 858 2827; x_wconf 88' lang='lat' dir='ltr'><strong>et</strong></span> <span class='ocrx_word' id='word_1_183' title='bbox 886 2761 1045 2848; x_wconf 84' lang='lat' dir='ltr'><strong>virgines&#39;</strong></span> <span class='ocrx_word' id='word_1_184' title='bbox 1072 2763 1193 2828; x_wconf 89' lang='lat' dir='ltr'><strong>librum</strong></span> <span class='ocrx_word' id='word_1_185' title='bbox 1260 2759 1261 2808; x_wconf 74' lang='lat' dir='ltr'><strong>i</strong></span> 
     </span>
     <span class='ocr_line' id='line_1_28' title="bbox 178 2850 1195 2934; baseline 0 -20"><span class='ocrx_word' id='word_1_186' title='bbox 178 2850 309 2914; x_wconf 86' lang='lat' dir='ltr'><strong>moralis</strong></span> <span class='ocrx_word' id='word_1_187' title='bbox 341 2850 470 2934; x_wconf 90' lang='lat' dir='ltr'><strong>quidem</strong></span> <span class='ocrx_word' id='word_1_188' title='bbox 507 2850 564 2915; x_wconf 88' lang='lat' dir='ltr'><strong>sed</strong></span> <span class='ocrx_word' id='word_1_189' title='bbox 601 2850 694 2915; x_wconf 86' lang='lat' dir='ltr'><strong>valde</strong></span> <span class='ocrx_word' id='word_1_190' title='bbox 726 2852 927 2916; x_wconf 86' lang='lat' dir='ltr'><strong>necessariae</strong></span> <span class='ocrx_word' id='word_1_191' title='bbox 962 2851 1127 2916; x_wconf 89' lang='lat' dir='ltr'><strong>doctrinae</strong></span> <span class='ocrx_word' id='word_1_192' title='bbox 1163 2856 1195 2916; x_wconf 88' lang='lat' dir='ltr'><strong>ct</strong></span> 
     </span>
     <span class='ocr_line' id='line_1_29' title="bbox 176 2937 1194 3023; baseline 0.004 -23"><span class='ocrx_word' id='word_1_193' title='bbox 176 2938 349 3021; x_wconf 87' lang='lat' dir='ltr'><strong>praecipue</strong></span> <span class='ocrx_word' id='word_1_194' title='bbox 373 2937 414 3002; x_wconf 84' lang='lat' dir='ltr'><strong>ad</strong></span> <span class='ocrx_word' id='word_1_195' title='bbox 436 2939 614 3004; x_wconf 90' lang='lat' dir='ltr'><strong>custodiam</strong></span> <span class='ocrx_word' id='word_1_196' title='bbox 634 2939 794 3004; x_wconf 87' lang='lat' dir='ltr'><strong>castitatis</strong></span> <span class='ocrx_word' id='word_1_197' title='bbox 814 2939 992 3023; x_wconf 87' lang='lat' dir='ltr'><strong>aptissimis</strong></span> <span class='ocrx_word' id='word_1_198' title='bbox 1011 2940 1104 3004; x_wconf 81' lang='lat' dir='ltr'><strong>valde</strong></span> <span class='ocrx_word' id='word_1_199' title='bbox 1124 2961 1194 3004; x_wconf 84' lang='lat' dir='ltr'><strong>scn-</strong></span> 
     </span>
     <span class='ocr_line' id='line_1_30' title="bbox 177 3025 555 3092; baseline 0.011 -4"><span class='ocrx_word' id='word_1_200' title='bbox 177 3025 289 3089; x_wconf 89' lang='lat' dir='ltr'><strong>tentiis</strong></span> <span class='ocrx_word' id='word_1_201' title='bbox 314 3027 555 3092; x_wconf 91' lang='lat' dir='ltr'><strong>communitum.</strong></span> 
     </span>
    </p>
   </div>
   <div class='ocr_carea' id='block_1_9' title="bbox 176 3197 1193 3540">
    <p class='ocr_par' dir='ltr' id='par_1_11' title="bbox 176 3197 1193 3540">
     <span class='ocr_line' id='line_1_31' title="bbox 251 3197 1193 3272; baseline 0.004 -20"><span class='ocrx_word' id='word_1_202' title='bbox 251 3203 264 3252; x_wconf 86' lang='lat'>1</span> <span class='ocrx_word' id='word_1_203' title='bbox 284 3197 383 3251; x_wconf 83' lang='lat' dir='ltr'><strong>Bamb.</strong></span> <span class='ocrx_word' id='word_1_204' title='bbox 405 3201 433 3252; x_wconf 87' lang='lat' dir='ltr'><strong>et</strong></span> <span class='ocrx_word' id='word_1_205' title='bbox 452 3200 546 3255; x_wconf 81' lang='lat' dir='ltr'><strong>Rern:</strong></span> <span class='ocrx_word' id='word_1_206' title='bbox 566 3199 763 3254; x_wconf 85' lang='lat' dir='ltr'><strong>ecclesiasticis</strong></span> <span class='ocrx_word' id='word_1_207' title='bbox 842 3201 987 3257; x_wconf 78' lang='lat' dir='ltr'><strong>2Bamb.:</strong></span> <span class='ocrx_word' id='word_1_208' title='bbox 1008 3201 1067 3256; x_wconf 88' lang='lat' dir='ltr'><strong>eius</strong></span> <span class='ocrx_word' id='word_1_209' title='bbox 1084 3203 1193 3272; x_wconf 89' lang='lat' dir='ltr'><strong>tempo-</strong></span> 
     </span>
     <span class='ocr_line' id='line_1_32' title="bbox 177 3268 1193 3342; baseline 0.003 -20"><span class='ocrx_word' id='word_1_210' title='bbox 177 3269 215 3324; x_wconf 89' lang='lat' dir='ltr'><strong>ris</strong></span> <span class='ocrx_word' id='word_1_211' title='bbox 285 3268 430 3324; x_wconf 83' lang='lat' dir='ltr'><strong>6Bamb.:</strong></span> <span class='ocrx_word' id='word_1_212' title='bbox 450 3269 610 3324; x_wconf 87' lang='lat' dir='ltr'><strong>committas</strong></span> <span class='ocrx_word' id='word_1_213' title='bbox 693 3270 839 3326; x_wconf 77' lang='lat' dir='ltr'><strong>7Bamb.:</strong></span> <span class='ocrx_word' id='word_1_214' title='bbox 858 3287 959 3342; x_wconf 87' lang='lat' dir='ltr'><strong>parum</strong></span> <span class='ocrx_word' id='word_1_215' title='bbox 995 3301 999 3310; x_wconf 92' lang='lat'>·</span> <span class='ocrx_word' id='word_1_216' title='bbox 1045 3273 1193 3328; x_wconf 84' lang='lat' dir='ltr'><strong>8Bamb.:</strong></span> 
     </span>
     <span class='ocr_line' id='line_1_33' title="bbox 176 3339 1086 3398; baseline 0.004 -4"><span class='ocrx_word' id='word_1_217' title='bbox 176 3339 290 3394; x_wconf 87' lang='lat' dir='ltr'><strong>credere</strong></span> <span class='ocrx_word' id='word_1_218' title='bbox 390 3339 521 3396; x_wconf 78' lang='lat' dir='ltr'><strong>9Bamb.</strong></span> <span class='ocrx_word' id='word_1_219' title='bbox 541 3344 571 3394; x_wconf 81' lang='lat' dir='ltr'><strong>et</strong></span> <span class='ocrx_word' id='word_1_220' title='bbox 587 3340 684 3394; x_wconf 82' lang='lat' dir='ltr'><strong>Bern:</strong></span> <span class='ocrx_word' id='word_1_221' title='bbox 704 3343 734 3396; x_wconf 87' lang='lat' dir='ltr'><strong>et</strong></span> <span class='ocrx_word' id='word_1_222' title='bbox 750 3341 918 3397; x_wconf 86' lang='lat' dir='ltr'><strong>immensum</strong></span> <span class='ocrx_word' id='word_1_223' title='bbox 937 3383 943 3396; x_wconf 95' lang='lat'>.</span> <span class='ocrx_word' id='word_1_224' title='bbox 964 3385 970 3396; x_wconf 94' lang='lat'><em>.</em></span> <span class='ocrx_word' id='word_1_225' title='bbox 989 3346 1086 3398; x_wconf 83' lang='lat' dir='ltr'><strong>tenere</strong></span> 
     </span>
     <span class='ocr_line' id='line_1_34' title="bbox 178 3408 1193 3482; baseline 0.003 -19"><span class='ocrx_word' id='word_1_226' title='bbox 178 3417 211 3463; x_wconf 86' lang='lat'><strong>13</strong></span> <span class='ocrx_word' id='word_1_227' title='bbox 226 3409 337 3464; x_wconf 85' lang='lat' dir='ltr'><strong>Bamb.:</strong></span> <span class='ocrx_word' id='word_1_228' title='bbox 357 3408 581 3466; x_wconf 86' lang='lat' dir='ltr'><strong>Donatianorum</strong></span> <span class='ocrx_word' id='word_1_229' title='bbox 617 3416 652 3464; x_wconf 77' lang='lat'><strong>22</strong></span> <span class='ocrx_word' id='word_1_230' title='bbox 666 3410 777 3466; x_wconf 87' lang='lat' dir='ltr'><strong>Bamb.:</strong></span> <span class='ocrx_word' id='word_1_231' title='bbox 792 3415 825 3466; x_wconf 91' lang='lat' dir='ltr'><strong>ut</strong></span> <span class='ocrx_word' id='word_1_232' title='bbox 839 3429 873 3468; x_wconf 87' lang='lat' dir='ltr'><strong>ex</strong></span> <span class='ocrx_word' id='word_1_233' title='bbox 887 3413 992 3482; x_wconf 88' lang='lat' dir='ltr'><strong>scripto</strong></span> <span class='ocrx_word' id='word_1_234' title='bbox 1029 3420 1063 3470; x_wconf 77' lang='lat'><strong>27</strong></span> <span class='ocrx_word' id='word_1_235' title='bbox 1078 3413 1193 3468; x_wconf 86' lang='lat' dir='ltr'><strong>Bamb.:</strong></span> 
     </span>
     <span class='ocr_line' id='line_1_35' title="bbox 177 3481 1135 3540; baseline 0.006 -6"><span class='ocrx_word' id='word_1_236' title='bbox 177 3481 389 3535; x_wconf 86' lang='lat' dir='ltr'><strong>custodiendam</strong></span> <span class='ocrx_word' id='word_1_237' title='bbox 409 3481 569 3536; x_wconf 89' lang='lat' dir='ltr'><strong>castitatem</strong></span> <span class='ocrx_word' id='word_1_238' title='bbox 642 3488 676 3538; x_wconf 80' lang='lat'><strong>28</strong></span> <span class='ocrx_word' id='word_1_239' title='bbox 695 3483 792 3538; x_wconf 88' lang='lat' dir='ltr'><strong>Bamb.</strong></span> <span class='ocrx_word' id='word_1_240' title='bbox 812 3485 842 3538; x_wconf 87' lang='lat' dir='ltr'><strong>et</strong></span> <span class='ocrx_word' id='word_1_241' title='bbox 859 3482 953 3539; x_wconf 74' lang='lat' dir='ltr'><strong>Banu:</strong></span> <span class='ocrx_word' id='word_1_242' title='bbox 973 3485 1135 3540; x_wconf 89' lang='lat' dir='ltr'><strong>ordinatum</strong></span> 
     </span>
    </p>
   </div>
   <div class='ocr_carea' id='block_1_10' title="bbox 0 0 1280 4048">
    <p class='ocr_par' dir='ltr' id='par_1_12' title="bbox 0 0 1280 4048">
     <span class='ocr_line' id='line_1_36' title="bbox 0 0 1280 4048; baseline 0 0"><span class='ocrx_word' id='word_1_243' title='bbox 0 0 1280 4048; x_wconf 95' lang='lat' dir='ltr'><strong> </strong></span> 
     </span>
    </p>
   </div>
  </div>
 </body>
</html>
