<?xml version="1.0" encoding="UTF-8"?>
<!DOCTYPE html PUBLIC "-//W3C//DTD XHTML 1.0 Transitional//EN"
    "http://www.w3.org/TR/xhtml1/DTD/xhtml1-transitional.dtd">
<html xmlns="http://www.w3.org/1999/xhtml" xml:lang="en" lang="en">
 <head>
  <title>
</title>
<meta http-equiv="Content-Type" content="text/html;charset=utf-8" />
  <meta name='ocr-system' content='tesseract 3.04.00' />
  <meta name='ocr-capabilities' content='ocr_page ocr_carea ocr_par ocr_line ocrx_word'/>
</head>
<body>
  <div class='ocr_page' id='page_1' title='image "./devirisinlustri00herdgoog_0129.png"; bbox 0 0 2552 4048; ppageno 0'>
   <div class='ocr_carea' id='block_1_1' title="bbox 457 267 675 330">
    <p class='ocr_par' dir='ltr' id='par_1_1' title="bbox 457 267 675 330">
     <span class='ocr_line' id='line_1_1' title="bbox 457 267 675 330; baseline -0.009 -16"><span class='ocrx_word' id='word_1_1' title='bbox 457 267 675 330; x_wconf 73' lang='lat' dir='ltr'><strong>..pp..</strong></span> 
     </span>
    </p>
   </div>
   <div class='ocr_carea' id='block_1_2' title="bbox 22 407 1125 1114">
    <p class='ocr_par' dir='ltr' id='par_1_2' title="bbox 22 407 1125 1114">
     <span class='ocr_line' id='line_1_2' title="bbox 22 407 1071 493; baseline 0 -19"><span class='ocrx_word' id='word_1_2' title='bbox 22 427 23 444; x_wconf 61' lang='lat'><em>*</em></span> <span class='ocrx_word' id='word_1_3' title='bbox 67 409 165 493; x_wconf 79' lang='lat' dir='ltr'><strong>posuit</strong></span> <span class='ocrx_word' id='word_1_4' title='bbox 190 411 225 474; x_wconf 89' lang='lat' dir='ltr'><strong>et</strong></span> <span class='ocrx_word' id='word_1_5' title='bbox 253 408 399 492; x_wconf 87' lang='lat' dir='ltr'><strong>libellos,</strong></span> <span class='ocrx_word' id='word_1_6' title='bbox 427 429 508 493; x_wconf 89' lang='lat' dir='ltr'><strong>quos</strong></span> <span class='ocrx_word' id='word_1_7' title='bbox 531 415 648 493; x_wconf 59' lang='lat' dir='ltr'><strong>maaca</strong></span> <span class='ocrx_word' id='word_1_8' title='bbox 671 407 891 492; x_wconf 73' lang='lat' dir='ltr'>appellatione</span> <span class='ocrx_word' id='word_1_9' title='bbox 913 408 1071 492; x_wconf 86' lang='lat' dir='ltr'><strong>praetitu-</strong></span> 
     </span>
     <span class='ocr_line' id='line_1_3' title="bbox 68 490 1071 582; baseline 0.001 -21"><span class='ocrx_word' id='word_1_10' title='bbox 68 498 137 562; x_wconf 76' lang='lat' dir='ltr'><strong>lavit</strong></span> <span class='ocrx_word' id='word_1_11' title='bbox 161 491 366 581; x_wconf 70' lang='lat' dir='ltr'><strong>occasura,</strong></span> <span class='ocrx_word' id='word_1_12' title='bbox 388 499 587 582; x_wconf 70' lang='grc' dir='ltr'><strong><em>ψυχομαχία,</em></strong></span> <span class='ocrx_word' id='word_1_13' title='bbox 610 490 857 580; x_wconf 75' lang='grc' dir='ltr'><strong><em>ἆμαρτιγένεια,</em></strong></span> <span class='ocrx_word' id='word_1_14' title='bbox 880 496 914 562; x_wconf 88' lang='lat' dir='ltr'><strong>id</strong></span> <span class='ocrx_word' id='word_1_15' title='bbox 942 501 1005 582; x_wconf 87' lang='lat' dir='ltr'><strong>est,</strong></span> <span class='ocrx_word' id='word_1_16' title='bbox 1032 497 1071 562; x_wconf 91' lang='lat' dir='ltr'><strong>de</strong></span> 
     </span>
     <span class='ocr_line' id='line_1_4' title="bbox 67 584 1072 671; baseline 0.001 -22"><span class='ocrx_word' id='word_1_17' title='bbox 67 585 241 671; x_wconf 81' lang='lat' dir='ltr'><strong>divinitate,</strong></span> <span class='ocrx_word' id='word_1_18' title='bbox 265 586 305 652; x_wconf 91' lang='lat' dir='ltr'><strong>de</strong></span> <span class='ocrx_word' id='word_1_19' title='bbox 328 586 583 671; x_wconf 66' lang='lat' dir='ltr'><strong>compugnantia</strong></span> <span class='ocrx_word' id='word_1_20' title='bbox 606 585 720 668; x_wconf 88' lang='lat' dir='ltr'><strong>animi,</strong></span> <span class='ocrx_word' id='word_1_21' title='bbox 743 584 783 649; x_wconf 89' lang='lat' dir='ltr'><strong>de</strong></span> <span class='ocrx_word' id='word_1_22' title='bbox 806 586 937 670; x_wconf 80' lang='lat' dir='ltr'>origene</span> <span class='ocrx_word' id='word_1_23' title='bbox 960 607 1072 669; x_wconf 87' lang='lat' dir='ltr'><strong>pecca·</strong></span> 
     </span>
     <span class='ocr_line' id='line_1_5' title="bbox 66 671 1073 758; baseline -0.001 -20"><span class='ocrx_word' id='word_1_24' title='bbox 66 680 184 758; x_wconf 76' lang='lat' dir='ltr'><strong>torum3,</strong></span> <span class='ocrx_word' id='word_1_25' title='bbox 207 675 288 741; x_wconf 88' lang='lat' dir='ltr'><strong>fecit</strong></span> <span class='ocrx_word' id='word_1_26' title='bbox 316 679 349 740; x_wconf 87' lang='lat' dir='ltr'><strong>ot</strong></span> <span class='ocrx_word' id='word_1_27' title='bbox 371 673 418 740; x_wconf 73' lang='lat' dir='ltr'><strong>‘in</strong></span> <span class='ocrx_word' id='word_1_28' title='bbox 440 673 569 740; x_wconf 88' lang='lat' dir='ltr'><strong>laudem</strong></span> <span class='ocrx_word' id='word_1_29' title='bbox 591 671 782 756; x_wconf 80' lang='lat' dir='ltr'><strong>martyrum&#39;</strong></span> <span class='ocrx_word' id='word_1_30' title='bbox 806 673 867 738; x_wconf 87' lang='lat' dir='ltr'><strong>sub</strong></span> <span class='ocrx_word' id='word_1_31' title='bbox 890 673 1073 758; x_wconf 89' lang='lat' dir='ltr'><strong>aliquorum</strong></span> 
     </span>
     <span class='ocr_line' id='line_1_6' title="bbox 66 761 1125 846; baseline -0.002 -20"><span class='ocrx_word' id='word_1_32' title='bbox 66 763 242 828; x_wconf 90' lang='lat' dir='ltr'><strong>nominibus</strong></span> <span class='ocrx_word' id='word_1_33' title='bbox 273 763 498 828; x_wconf 83' lang='lat' dir='ltr'><strong>invitatorium</strong></span> <span class='ocrx_word' id='word_1_34' title='bbox 528 763 569 827; x_wconf 89' lang='lat' dir='ltr'><strong>ed</strong></span> <span class='ocrx_word' id='word_1_35' title='bbox 599 763 794 846; x_wconf 86' lang='lat' dir='ltr'><strong>martyrium</strong></span> <span class='ocrx_word' id='word_1_36' title='bbox 823 761 944 827; x_wconf 91' lang='lat' dir='ltr'><strong>librum</strong></span> <span class='ocrx_word' id='word_1_37' title='bbox 971 783 1072 828; x_wconf 90' lang='lat' dir='ltr'><strong>unum</strong></span> <span class='ocrx_word' id='word_1_38' title='bbox 1109 776 1125 824; x_wconf 80' lang='lat' dir='ltr'><strong>c</strong></span> 
     </span>
     <span class='ocr_line' id='line_1_7' title="bbox 67 850 1072 936; baseline 0 -22"><span class='ocrx_word' id='word_1_39' title='bbox 67 855 93 915; x_wconf 88' lang='lat' dir='ltr'><strong>et</strong></span> <span class='ocrx_word' id='word_1_40' title='bbox 112 851 336 936; x_wconf 76' lang='lat' dir='ltr'><strong>‘hymnorum&#39;</strong></span> <span class='ocrx_word' id='word_1_41' title='bbox 360 852 512 936; x_wconf 88' lang='lat' dir='ltr'><strong>alterum,</strong></span> <span class='ocrx_word' id='word_1_42' title='bbox 537 851 671 935; x_wconf 90' lang='lat' dir='ltr'><strong>speciali</strong></span> <span class='ocrx_word' id='word_1_43' title='bbox 689 854 800 915; x_wconf 89' lang='lat' dir='ltr'><strong>tamen</strong></span> <span class='ocrx_word' id='word_1_44' title='bbox 817 851 999 916; x_wconf 91' lang='lat' dir='ltr'><strong>intentione</strong></span> <span class='ocrx_word' id='word_1_45' title='bbox 1019 850 1072 916; x_wconf 90' lang='lat' dir='ltr'><strong>ad·</strong></span> 
     </span>
     <span class='ocr_line' id='line_1_8' title="bbox 66 933 1073 1024; baseline 0.003 -22"><span class='ocrx_word' id='word_1_46' title='bbox 66 961 165 1005; x_wconf 84' lang='lat' dir='ltr'><strong>versus</strong></span> <span class='ocrx_word' id='word_1_47' title='bbox 180 939 414 1024; x_wconf 80' lang='lat' dir='ltr'><strong>Symmachum</strong></span> <span class='ocrx_word' id='word_1_48' title='bbox 432 933 652 1005; x_wconf 80' lang='lat' dir='ltr'><strong>idololatriam</strong></span> <span class='ocrx_word' id='word_1_49' title='bbox 671 939 909 1024; x_wconf 86' lang='lat' dir='ltr'><strong>defendentem,</strong></span> <span class='ocrx_word' id='word_1_50' title='bbox 932 961 972 1004; x_wconf 88' lang='lat' dir='ltr'><strong>ex</strong></span> <span class='ocrx_word' id='word_1_51' title='bbox 995 962 1073 1024; x_wconf 90' lang='lat' dir='ltr'><strong>quo·</strong></span> 
     </span>
     <span class='ocr_line' id='line_1_9' title="bbox 66 1027 943 1114; baseline 0.002 -23"><span class='ocrx_word' id='word_1_52' title='bbox 66 1051 127 1092; x_wconf 89' lang='lat' dir='ltr'><strong>rum</strong></span> <span class='ocrx_word' id='word_1_53' title='bbox 148 1029 293 1095; x_wconf 83' lang='lat' dir='ltr'><strong>lectione</strong></span> <span class='ocrx_word' id='word_1_54' title='bbox 317 1029 506 1114; x_wconf 69' lang='lat' dir='ltr'><strong>agnoscitur</strong></span> <span class='ocrx_word' id='word_1_55' title='bbox 527 1027 694 1092; x_wconf 89' lang='lat' dir='ltr'><strong>Palatinus</strong></span> <span class='ocrx_word' id='word_1_56' title='bbox 717 1027 810 1092; x_wconf 91' lang='lat' dir='ltr'><strong>miles</strong></span> <span class='ocrx_word' id='word_1_57' title='bbox 832 1027 943 1093; x_wconf 85' lang='lat' dir='ltr'><strong>fuisse.</strong></span> 
     </span>
    </p>
   </div>
   <div class='ocr_carea' id='block_1_3' title="bbox 460 1207 681 1300">
    <p class='ocr_par' dir='ltr' id='par_1_3' title="bbox 460 1207 681 1300">
     <span class='ocr_line' id='line_1_10' title="bbox 460 1207 681 1300; baseline 0 -20"><span class='ocrx_word' id='word_1_58' title='bbox 460 1209 543 1300; x_wconf 79' lang='lat' dir='ltr'><strong>Cup.</strong></span> <span class='ocrx_word' id='word_1_59' title='bbox 574 1207 681 1280; x_wconf 91' lang='lat' dir='ltr'><strong><em>XIV.</em></strong></span> 
     </span>
    </p>
   </div>
   <div class='ocr_carea' id='block_1_4' title="bbox 66 1343 1130 2050">
    <p class='ocr_par' dir='ltr' id='par_1_4' title="bbox 66 1343 1130 2050">
     <span class='ocr_line' id='line_1_11' title="bbox 142 1343 1129 1431; baseline -0.003 -20"><span class='ocrx_word' id='word_1_60' title='bbox 142 1346 347 1431; x_wconf 83' lang='lat' dir='ltr'><strong>Audentius,</strong></span> <span class='ocrx_word' id='word_1_61' title='bbox 380 1346 551 1430; x_wconf 89' lang='lat' dir='ltr'><strong>episcopus</strong></span> <span class='ocrx_word' id='word_1_62' title='bbox 578 1346 755 1430; x_wconf 89' lang='lat' dir='ltr'><strong>Hispanus,</strong></span> <span class='ocrx_word' id='word_1_63' title='bbox 787 1345 940 1415; x_wconf 85' lang='lat' dir='ltr'><strong>adversus</strong></span> <span class='ocrx_word' id='word_1_64' title='bbox 968 1343 1129 1408; x_wconf 87' lang='lat' dir='ltr'><strong>Mani-10</strong></span> 
     </span>
     <span class='ocr_line' id='line_1_12' title="bbox 67 1433 1076 1520; baseline -0.003 -21"><span class='ocrx_word' id='word_1_65' title='bbox 67 1435 173 1501; x_wconf 85' lang='lat' dir='ltr'><strong>ohaeos</strong></span> <span class='ocrx_word' id='word_1_66' title='bbox 199 1435 332 1520; x_wconf 81' lang='lat' dir='ltr'><strong>scripsit</strong></span> <span class='ocrx_word' id='word_1_67' title='bbox 359 1439 393 1500; x_wconf 92' lang='lat' dir='ltr'><strong>et</strong></span> <span class='ocrx_word' id='word_1_68' title='bbox 415 1433 618 1500; x_wconf 74' lang='lat' dir='ltr'><strong>sabellianos</strong></span> <span class='ocrx_word' id='word_1_69' title='bbox 645 1439 679 1498; x_wconf 91' lang='lat' dir='ltr'><strong>et</strong></span> <span class='ocrx_word' id='word_1_70' title='bbox 705 1433 847 1500; x_wconf 64' lang='lat' dir='ltr'><strong>Mianos</strong></span> <span class='ocrx_word' id='word_1_71' title='bbox 875 1433 1076 1518; x_wconf 86' lang='lat' dir='ltr'><strong>maximeque</strong></span> 
     </span>
     <span class='ocr_line' id='line_1_13' title="bbox 67 1519 1076 1607; baseline 0 -21"><span class='ocrx_word' id='word_1_72' title='bbox 67 1525 190 1607; x_wconf 89' lang='lat' dir='ltr'><strong>speciali</strong></span> <span class='ocrx_word' id='word_1_73' title='bbox 221 1525 407 1590; x_wconf 90' lang='lat' dir='ltr'><strong>intentione</strong></span> <span class='ocrx_word' id='word_1_74' title='bbox 435 1527 549 1589; x_wconf 87' lang='lat' dir='ltr'><strong>contra</strong></span> <span class='ocrx_word' id='word_1_75' title='bbox 571 1522 800 1606; x_wconf 88' lang='lat' dir='ltr'><strong>Photinianos‚</strong></span> <span class='ocrx_word' id='word_1_76' title='bbox 823 1521 879 1606; x_wconf 91' lang='lat' dir='ltr'><strong>qui</strong></span> <span class='ocrx_word' id='word_1_77' title='bbox 902 1541 990 1586; x_wconf 87' lang='lat' dir='ltr'><strong>nunc</strong></span> <span class='ocrx_word' id='word_1_78' title='bbox 1012 1519 1076 1586; x_wconf 92' lang='lat' dir='ltr'><strong>Bo·</strong></span> 
     </span>
     <span class='ocr_line' id='line_1_14' title="bbox 67 1608 1076 1697; baseline -0.001 -22"><span class='ocrx_word' id='word_1_79' title='bbox 67 1612 181 1679; x_wconf 88' lang='lat' dir='ltr'><strong>uosiaci</strong></span> <span class='ocrx_word' id='word_1_80' title='bbox 206 1612 368 1697; x_wconf 85' lang='lat' dir='ltr'><strong>dicuntur,</strong></span> <span class='ocrx_word' id='word_1_81' title='bbox 399 1612 519 1677; x_wconf 91' lang='lat' dir='ltr'><strong>librum</strong></span> <span class='ocrx_word' id='word_1_82' title='bbox 551 1633 647 1696; x_wconf 88' lang='lat' dir='ltr'><strong>quem</strong></span> <span class='ocrx_word' id='word_1_83' title='bbox 678 1610 904 1695; x_wconf 83' lang='lat' dir='ltr'><strong>praetitulavit</strong></span> <span class='ocrx_word' id='word_1_84' title='bbox 935 1608 986 1675; x_wconf 74' lang='lat' dir='ltr'><strong>‘de</strong></span> <span class='ocrx_word' id='word_1_85' title='bbox 1013 1609 1076 1674; x_wconf 89' lang='lat' dir='ltr'><strong>fide</strong></span> 
     </span>
     <span class='ocr_line' id='line_1_15' title="bbox 68 1697 1076 1785; baseline 0.001 -22"><span class='ocrx_word' id='word_1_86' title='bbox 68 1701 212 1768; x_wconf 83' lang='lat' dir='ltr'><strong>adversos</strong></span> <span class='ocrx_word' id='word_1_87' title='bbox 235 1698 422 1784; x_wconf 87' lang='lat' dir='ltr'><strong>hereticos&#39;,</strong></span> <span class='ocrx_word' id='word_1_88' title='bbox 444 1701 479 1766; x_wconf 90' lang='lat' dir='ltr'><strong>in</strong></span> <span class='ocrx_word' id='word_1_89' title='bbox 502 1722 566 1785; x_wconf 88' lang='lat' dir='ltr'><strong>quo</strong></span> <span class='ocrx_word' id='word_1_90' title='bbox 590 1699 733 1766; x_wconf 81' lang='lat' dir='ltr'><strong>ostendit</strong></span> <span class='ocrx_word' id='word_1_91' title='bbox 755 1699 983 1784; x_wconf 80' lang='lat' dir='ltr'><strong>antiquitatem</strong></span> <span class='ocrx_word' id='word_1_92' title='bbox 1000 1697 1076 1764; x_wconf 86' lang='lat' dir='ltr'><strong>Filii</strong></span> 
     </span>
     <span class='ocr_line' id='line_1_16' title="bbox 66 1786 1130 1856; baseline -0.003 -4"><span class='ocrx_word' id='word_1_93' title='bbox 66 1786 118 1853; x_wconf 88' lang='lat' dir='ltr'><strong>Dei</strong></span> <span class='ocrx_word' id='word_1_94' title='bbox 136 1789 378 1856; x_wconf 86' lang='lat' dir='ltr'><strong>coaeternalem</strong></span> <span class='ocrx_word' id='word_1_95' title='bbox 390 1787 481 1856; x_wconf 83' lang='lat' dir='ltr'><strong>Patri</strong></span> <span class='ocrx_word' id='word_1_96' title='bbox 498 1788 598 1854; x_wconf 87' lang='lat' dir='ltr'><strong>fuisse</strong></span> <span class='ocrx_word' id='word_1_97' title='bbox 616 1809 676 1854; x_wconf 91' lang='lat' dir='ltr'><strong>uec</strong></span> <span class='ocrx_word' id='word_1_98' title='bbox 693 1787 825 1852; x_wconf 85' lang='lat' dir='ltr'><strong>initium</strong></span> <span class='ocrx_word' id='word_1_99' title='bbox 843 1787 974 1852; x_wconf 88' lang='lat' dir='ltr'><strong>deitatis</strong></span> <span class='ocrx_word' id='word_1_100' title='bbox 999 1789 1078 1852; x_wconf 89' lang='lat' dir='ltr'><strong>tuno</strong></span> <span class='ocrx_word' id='word_1_101' title='bbox 1097 1800 1130 1850; x_wconf 79' lang='lat'><strong>15</strong></span> 
     </span>
     <span class='ocr_line' id='line_1_17' title="bbox 67 1873 1077 1962; baseline 0 -22"><span class='ocrx_word' id='word_1_102' title='bbox 67 1877 187 1944; x_wconf 88' lang='lat' dir='ltr'><strong>aPatre</strong></span> <span class='ocrx_word' id='word_1_103' title='bbox 202 1875 276 1943; x_wconf 90' lang='lat' dir='ltr'><strong>Deo</strong></span> <span class='ocrx_word' id='word_1_104' title='bbox 300 1879 474 1962; x_wconf 87' lang='lat' dir='ltr'><strong>accepisse,</strong></span> <span class='ocrx_word' id='word_1_105' title='bbox 498 1898 572 1942; x_wconf 91' lang='lat' dir='ltr'><strong>cum</strong></span> <span class='ocrx_word' id='word_1_106' title='bbox 585 1875 691 1942; x_wconf 85' lang='lat' dir='ltr'><strong>Maria</strong></span> <span class='ocrx_word' id='word_1_107' title='bbox 709 1878 813 1940; x_wconf 88' lang='lat' dir='ltr'><strong>matre</strong></span> <span class='ocrx_word' id='word_1_108' title='bbox 832 1875 967 1959; x_wconf 81' lang='lat' dir='ltr'><strong>virgine</strong></span> <span class='ocrx_word' id='word_1_109' title='bbox 978 1873 1077 1940; x_wconf 90' lang='lat' dir='ltr'><strong>homo</strong></span> 
     </span>
     <span class='ocr_line' id='line_1_18' title="bbox 66 1963 790 2050; baseline 0 -22"><span class='ocrx_word' id='word_1_110' title='bbox 66 1963 127 2031; x_wconf 91' lang='lat' dir='ltr'><strong>Deo</strong></span> <span class='ocrx_word' id='word_1_111' title='bbox 151 1967 337 2032; x_wconf 84' lang='lat' dir='ltr'><strong>fabricante</strong></span> <span class='ocrx_word' id='word_1_112' title='bbox 361 1970 535 2050; x_wconf 89' lang='lat' dir='ltr'><strong>conceptus</strong></span> <span class='ocrx_word' id='word_1_113' title='bbox 560 1971 593 2031; x_wconf 90' lang='lat' dir='ltr'><strong>et</strong></span> <span class='ocrx_word' id='word_1_114' title='bbox 615 1968 713 2030; x_wconf 88' lang='lat' dir='ltr'><strong>natus</strong></span> <span class='ocrx_word' id='word_1_115' title='bbox 738 1964 790 2030; x_wconf 84' lang='lat' dir='ltr'><strong>sit.</strong></span> 
     </span>
    </p>
   </div>
   <div class='ocr_carea' id='block_1_5' title="bbox 356 2143 674 2236">
    <p class='ocr_par' dir='ltr' id='par_1_5' title="bbox 356 2115 676 2236">
     <span class='ocr_line' id='line_1_19' title="bbox 356 2143 674 2236; baseline -0.006 -18"><span class='ocrx_word' id='word_1_116' title='bbox 356 2223 360 2230; x_wconf 71' lang='grc'><em>,</em></span> <span class='ocrx_word' id='word_1_117' title='bbox 478 2147 560 2236; x_wconf 83' lang='lat' dir='ltr'><strong>Oop.</strong></span> <span class='ocrx_word' id='word_1_118' title='bbox 591 2143 674 2216; x_wconf 88' lang='lat' dir='ltr'><strong>XV.</strong></span> 
     </span>
    </p>
   </div>
   <div class='ocr_carea' id='block_1_6' title="bbox 68 2280 1135 3072">
    <p class='ocr_par' dir='ltr' id='par_1_6' title="bbox 68 2280 1135 3072">
     <span class='ocr_line' id='line_1_20' title="bbox 148 2280 1078 2351; baseline -0.008 0"><span class='ocrx_word' id='word_1_119' title='bbox 148 2283 407 2351; x_wconf 78' lang='lat' dir='ltr'><strong>Commodianus</strong></span> <span class='ocrx_word' id='word_1_120' title='bbox 430 2284 507 2349; x_wconf 91' lang='lat' dir='ltr'><strong>dum</strong></span> <span class='ocrx_word' id='word_1_121' title='bbox 530 2285 616 2348; x_wconf 88' lang='lat' dir='ltr'><strong>inter</strong></span> <span class='ocrx_word' id='word_1_122' title='bbox 635 2283 814 2348; x_wconf 87' lang='lat' dir='ltr'><strong>saeculares</strong></span> <span class='ocrx_word' id='word_1_123' title='bbox 834 2280 960 2346; x_wconf 90' lang='lat' dir='ltr'><strong>litteras</strong></span> <span class='ocrx_word' id='word_1_124' title='bbox 980 2281 1078 2345; x_wconf 88' lang='lat' dir='ltr'><strong>etiam</strong></span> 
     </span>
     <span class='ocr_line' id='line_1_21' title="bbox 69 2369 1132 2458; baseline -0.004 -22"><span class='ocrx_word' id='word_1_125' title='bbox 69 2378 194 2438; x_wconf 90' lang='lat' dir='ltr'><strong>nostras</strong></span> <span class='ocrx_word' id='word_1_126' title='bbox 223 2373 318 2458; x_wconf 81' lang='lat' dir='ltr'><strong>legit,</strong></span> <span class='ocrx_word' id='word_1_127' title='bbox 345 2373 548 2438; x_wconf 85' lang='lat' dir='ltr'><strong>occasionem</strong></span> <span class='ocrx_word' id='word_1_128' title='bbox 581 2371 706 2455; x_wconf 89' lang='lat' dir='ltr'><strong>accepit</strong></span> <span class='ocrx_word' id='word_1_129' title='bbox 736 2370 820 2435; x_wconf 92' lang='lat' dir='ltr'><strong>fidei.</strong></span> <span class='ocrx_word' id='word_1_130' title='bbox 871 2369 990 2434; x_wconf 84' lang='lat' dir='ltr'><strong>Factus</strong></span> <span class='ocrx_word' id='word_1_131' title='bbox 1018 2370 1078 2434; x_wconf 89' lang='lat' dir='ltr'><strong>ita·</strong></span> <span class='ocrx_word' id='word_1_132' title='bbox 1098 2385 1132 2432; x_wconf 84' lang='grc' dir='ltr'><strong>2ο</strong></span> 
     </span>
     <span class='ocr_line' id='line_1_22' title="bbox 68 2458 1080 2544; baseline -0.004 -18"><span class='ocrx_word' id='word_1_133' title='bbox 68 2482 124 2544; x_wconf 88' lang='lat' dir='ltr'><strong>que</strong></span> <span class='ocrx_word' id='word_1_134' title='bbox 152 2461 361 2528; x_wconf 82' lang='lat' dir='ltr'><strong>Christianus</strong></span> <span class='ocrx_word' id='word_1_135' title='bbox 390 2463 423 2526; x_wconf 82' lang='lat' dir='ltr'><strong>et</strong></span> <span class='ocrx_word' id='word_1_136' title='bbox 450 2462 561 2527; x_wconf 84' lang='lat' dir='ltr'><strong>volens</strong></span> <span class='ocrx_word' id='word_1_137' title='bbox 591 2459 712 2544; x_wconf 91' lang='lat' dir='ltr'><strong>aliquid</strong></span> <span class='ocrx_word' id='word_1_138' title='bbox 740 2458 920 2524; x_wconf 87' lang='lat' dir='ltr'><strong>studiorum</strong></span> <span class='ocrx_word' id='word_1_139' title='bbox 948 2480 1080 2524; x_wconf 87' lang='lat' dir='ltr'><strong>suorum</strong></span> 
     </span>
     <span class='ocr_line' id='line_1_23' title="bbox 68 2546 1082 2633; baseline -0.001 -21"><span class='ocrx_word' id='word_1_140' title='bbox 68 2551 208 2615; x_wconf 87' lang='lat' dir='ltr'><strong>muneris</strong></span> <span class='ocrx_word' id='word_1_141' title='bbox 237 2549 351 2614; x_wconf 89' lang='lat' dir='ltr'><strong>offerre</strong></span> <span class='ocrx_word' id='word_1_142' title='bbox 374 2546 519 2633; x_wconf 83' lang='lat' dir='ltr'><strong>Christo,</strong></span> <span class='ocrx_word' id='word_1_143' title='bbox 546 2548 762 2630; x_wconf 84' lang='lat' dir='ltr'><strong>suaesalutis</strong></span> <span class='ocrx_word' id='word_1_144' title='bbox 786 2548 923 2631; x_wconf 81' lang='lat' dir='ltr'><strong>auctori,</strong></span> <span class='ocrx_word' id='word_1_145' title='bbox 951 2547 1082 2631; x_wconf 87' lang='lat' dir='ltr'><strong>scripsit</strong></span> 
     </span>
     <span class='ocr_line' id='line_1_24' title="bbox 68 2635 1082 2723; baseline -0.001 -22"><span class='ocrx_word' id='word_1_146' title='bbox 68 2637 221 2704; x_wconf 85' lang='lat' dir='ltr'><strong>mediocri</strong></span> <span class='ocrx_word' id='word_1_147' title='bbox 245 2659 392 2703; x_wconf 87' lang='lat' dir='ltr'><strong>sermone</strong></span> <span class='ocrx_word' id='word_1_148' title='bbox 415 2639 508 2723; x_wconf 88' lang='lat' dir='ltr'><strong>quasi</strong></span> <span class='ocrx_word' id='word_1_149' title='bbox 532 2659 627 2702; x_wconf 87' lang='lat' dir='ltr'><strong>versu</strong></span> <span class='ocrx_word' id='word_1_150' title='bbox 650 2635 815 2701; x_wconf 77' lang='lat' dir='ltr'><strong>‘adversus</strong></span> <span class='ocrx_word' id='word_1_151' title='bbox 838 2635 1007 2721; x_wconf 84' lang='lat' dir='ltr'><strong>paganos’.</strong></span> <span class='ocrx_word' id='word_1_152' title='bbox 1037 2635 1082 2700; x_wconf 80' lang='lat' dir='ltr'><strong>Et</strong></span> 
     </span>
     <span class='ocr_line' id='line_1_25' title="bbox 68 2723 1081 2810; baseline -0.004 -20"><span class='ocrx_word' id='word_1_153' title='bbox 68 2727 138 2810; x_wconf 88' lang='lat' dir='ltr'><strong>quia</strong></span> <span class='ocrx_word' id='word_1_154' title='bbox 161 2748 281 2810; x_wconf 86' lang='lat' dir='ltr'><strong>parum</strong></span> <span class='ocrx_word' id='word_1_155' title='bbox 303 2730 490 2792; x_wconf 88' lang='lat' dir='ltr'><strong>nostrarum</strong></span> <span class='ocrx_word' id='word_1_156' title='bbox 513 2726 675 2810; x_wconf 80' lang='lat' dir='ltr'><strong>adtigerat</strong></span> <span class='ocrx_word' id='word_1_157' title='bbox 696 2725 893 2806; x_wconf 88' lang='lat' dir='ltr'><strong>litterarum,</strong></span> <span class='ocrx_word' id='word_1_158' title='bbox 915 2723 1020 2808; x_wconf 80' lang='lat' dir='ltr'><strong>magis</strong></span> <span class='ocrx_word' id='word_1_159' title='bbox 1043 2723 1081 2786; x_wconf 93' lang='lat' dir='ltr'><strong>il-</strong></span> 
     </span>
     <span class='ocr_line' id='line_1_26' title="bbox 68 2809 1135 2899; baseline -0.002 -23"><span class='ocrx_word' id='word_1_160' title='bbox 68 2814 171 2880; x_wconf 91' lang='lat' dir='ltr'><strong>lorum</strong></span> <span class='ocrx_word' id='word_1_161' title='bbox 197 2814 361 2879; x_wconf 90' lang='lat' dir='ltr'><strong>destruere</strong></span> <span class='ocrx_word' id='word_1_162' title='bbox 384 2815 492 2899; x_wconf 88' lang='lat' dir='ltr'><strong>potuit</strong></span> <span class='ocrx_word' id='word_1_163' title='bbox 515 2813 682 2898; x_wconf 80' lang='lat' dir='ltr'><strong>dogmata,</strong></span> <span class='ocrx_word' id='word_1_164' title='bbox 705 2834 803 2897; x_wconf 91' lang='lat' dir='ltr'><strong>quam</strong></span> <span class='ocrx_word' id='word_1_165' title='bbox 825 2815 945 2876; x_wconf 88' lang='lat' dir='ltr'><strong>nostra.</strong></span> <span class='ocrx_word' id='word_1_166' title='bbox 988 2809 1082 2876; x_wconf 89' lang='lat' dir='ltr'><strong>Unde</strong></span> <span class='ocrx_word' id='word_1_167' title='bbox 1102 2826 1135 2874; x_wconf 76' lang='lat' dir='ltr'><strong>ao</strong></span> 
     </span>
     <span class='ocr_line' id='line_1_27' title="bbox 70 2899 1083 2986; baseline -0.002 -20"><span class='ocrx_word' id='word_1_168' title='bbox 70 2905 99 2966; x_wconf 90' lang='lat' dir='ltr'><strong>et</strong></span> <span class='ocrx_word' id='word_1_169' title='bbox 113 2903 153 2967; x_wconf 90' lang='lat' dir='ltr'><strong>de</strong></span> <span class='ocrx_word' id='word_1_170' title='bbox 173 2903 292 2967; x_wconf 81' lang='lat' dir='ltr'><strong>diuinis</strong></span> <span class='ocrx_word' id='word_1_171' title='bbox 311 2902 616 2986; x_wconf 85' lang='lat' dir='ltr'><strong>repromissionibus</strong></span> <span class='ocrx_word' id='word_1_172' title='bbox 635 2901 789 2966; x_wconf 81' lang='lat' dir='ltr'><strong>adversus</strong></span> <span class='ocrx_word' id='word_1_173' title='bbox 811 2899 886 2964; x_wconf 92' lang='lat' dir='ltr'><strong>illos</strong></span> <span class='ocrx_word' id='word_1_174' title='bbox 906 2919 1007 2985; x_wconf 82' lang='lat' dir='ltr'><strong>agens</strong></span> <span class='ocrx_word' id='word_1_175' title='bbox 1026 2899 1083 2964; x_wconf 85' lang='lat' dir='ltr'><strong>vili</strong></span> 
     </span>
     <span class='ocr_line' id='line_1_28' title="bbox 69 2987 1083 3072; baseline -0.001 -18"><span class='ocrx_word' id='word_1_176' title='bbox 69 2992 145 3056; x_wconf 89' lang='lat' dir='ltr'><strong>satis</strong></span> <span class='ocrx_word' id='word_1_177' title='bbox 185 2994 219 3055; x_wconf 90' lang='lat' dir='ltr'><strong>et</strong></span> <span class='ocrx_word' id='word_1_178' title='bbox 252 3013 359 3056; x_wconf 89' lang='lat' dir='ltr'><strong>crasso</strong></span> <span class='ocrx_word' id='word_1_179' title='bbox 393 2995 429 3056; x_wconf 91' lang='lat' dir='ltr'><strong>ut</strong></span> <span class='ocrx_word' id='word_1_180' title='bbox 455 2992 503 3056; x_wconf 90' lang='lat' dir='ltr'><strong>ita</strong></span> <span class='ocrx_word' id='word_1_181' title='bbox 530 2990 666 3055; x_wconf 86' lang='lat' dir='ltr'><strong>dixerim</strong></span> <span class='ocrx_word' id='word_1_182' title='bbox 694 3010 791 3055; x_wconf 89' lang='lat' dir='ltr'><strong>sensu</strong></span> <span class='ocrx_word' id='word_1_183' title='bbox 820 2987 986 3072; x_wconf 86' lang='lat' dir='ltr'><strong>disseruit,</strong></span> <span class='ocrx_word' id='word_1_184' title='bbox 1018 2988 1083 3054; x_wconf 91' lang='lat' dir='ltr'><strong>illis</strong></span> 
     </span>
    </p>
   </div>
   <div class='ocr_carea' id='block_1_7' title="bbox 69 3162 1085 3585">
    <p class='ocr_par' dir='ltr' id='par_1_7' title="bbox 69 3162 1085 3585">
     <span class='ocr_line' id='line_1_29' title="bbox 137 3162 1083 3231; baseline -0.002 -12"><span class='ocrx_word' id='word_1_185' title='bbox 137 3172 153 3219; x_wconf 88' lang='lat'>3</span> <span class='ocrx_word' id='word_1_186' title='bbox 173 3165 253 3220; x_wconf 72' lang='lat' dir='ltr'><strong>Van:</strong></span> <span class='ocrx_word' id='word_1_187' title='bbox 273 3179 334 3220; x_wconf 91' lang='lat' dir='ltr'><strong>com</strong></span> <span class='ocrx_word' id='word_1_188' title='bbox 355 3165 487 3220; x_wconf 89' lang='lat' dir='ltr'><strong>unctione</strong></span> <span class='ocrx_word' id='word_1_189' title='bbox 546 3169 579 3218; x_wconf 92' lang='lat'><strong>11</strong></span> <span class='ocrx_word' id='word_1_190' title='bbox 598 3163 696 3218; x_wconf 78' lang='lat' dir='ltr'><strong>Bamla</strong></span> <span class='ocrx_word' id='word_1_191' title='bbox 715 3165 744 3218; x_wconf 89' lang='lat' dir='ltr'><strong>et</strong></span> <span class='ocrx_word' id='word_1_192' title='bbox 763 3163 856 3218; x_wconf 84' lang='lat' dir='ltr'><strong>Bern:</strong></span> <span class='ocrx_word' id='word_1_193' title='bbox 875 3162 998 3218; x_wconf 86' lang='lat' dir='ltr'><strong>maxime</strong></span> <span class='ocrx_word' id='word_1_194' title='bbox 1017 3177 1083 3231; x_wconf 89' lang='lat' dir='ltr'><strong>quo·</strong></span> 
     </span>
     <span class='ocr_line' id='line_1_30' title="bbox 69 3232 1082 3303; baseline -0.003 -14"><span class='ocrx_word' id='word_1_195' title='bbox 69 3252 121 3303; x_wconf 90' lang='lat' dir='ltr'><strong>que</strong></span> <span class='ocrx_word' id='word_1_196' title='bbox 194 3241 227 3289; x_wconf 89' lang='grc'><strong>12</strong></span> <span class='ocrx_word' id='word_1_197' title='bbox 247 3235 324 3290; x_wconf 80' lang='lat' dir='ltr'><strong>Vnt:</strong></span> <span class='ocrx_word' id='word_1_198' title='bbox 366 3234 502 3290; x_wconf 85' lang='lat' dir='ltr'><strong>otiniacos</strong></span> <span class='ocrx_word' id='word_1_199' title='bbox 567 3239 599 3288; x_wconf 79' lang='lat'><strong>19</strong></span> <span class='ocrx_word' id='word_1_200' title='bbox 619 3234 696 3290; x_wconf 82' lang='lat' dir='ltr'><strong>Vct:</strong></span> <span class='ocrx_word' id='word_1_201' title='bbox 716 3233 934 3290; x_wconf 83' lang='lat' dir='ltr'><strong>Commodianus</strong></span> <span class='ocrx_word' id='word_1_202' title='bbox 952 3232 1082 3288; x_wconf 88' lang='lat' dir='ltr'><strong>inter....</strong></span> 
     </span>
     <span class='ocr_line' id='line_1_31' title="bbox 70 3303 1084 3375; baseline -0.004 -17"><span class='ocrx_word' id='word_1_203' title='bbox 70 3305 177 3375; x_wconf 77' lang='lat' dir='ltr'><strong>legeret</strong></span> <span class='ocrx_word' id='word_1_204' title='bbox 259 3304 358 3360; x_wconf 77' lang='lat' dir='ltr'><strong>‘etiam</strong></span> <span class='ocrx_word' id='word_1_205' title='bbox 376 3305 496 3362; x_wconf 86' lang='lat' dir='ltr'><strong>nostras’</strong></span> <span class='ocrx_word' id='word_1_206' title='bbox 517 3305 598 3360; x_wconf 88' lang='lat' dir='ltr'><strong>deest</strong></span> <span class='ocrx_word' id='word_1_207' title='bbox 614 3305 645 3359; x_wconf 90' lang='lat' dir='ltr'><strong>in</strong></span> <span class='ocrx_word' id='word_1_208' title='bbox 658 3304 757 3360; x_wconf 91' lang='lat' dir='ltr'><strong>Bamb.</strong></span> <span class='ocrx_word' id='word_1_209' title='bbox 844 3310 878 3358; x_wconf 91' lang='grc'><strong>22</strong></span> <span class='ocrx_word' id='word_1_210' title='bbox 892 3303 1005 3358; x_wconf 79' lang='lat' dir='ltr'><strong>Bamb.:</strong></span> <span class='ocrx_word' id='word_1_211' title='bbox 1024 3318 1084 3354; x_wconf 90' lang='lat' dir='ltr'><strong>mu·</strong></span> 
     </span>
     <span class='ocr_line' id='line_1_32' title="bbox 69 3371 1085 3445; baseline -0.005 -15"><span class='ocrx_word' id='word_1_212' title='bbox 69 3393 120 3431; x_wconf 83' lang='lat' dir='ltr'><strong>nus</strong></span> <span class='ocrx_word' id='word_1_213' title='bbox 217 3382 252 3431; x_wconf 79' lang='lat'><strong>24</strong></span> <span class='ocrx_word' id='word_1_214' title='bbox 270 3375 381 3432; x_wconf 83' lang='lat' dir='ltr'><strong>Bamb.:</strong></span> <span class='ocrx_word' id='word_1_215' title='bbox 400 3379 513 3445; x_wconf 87' lang='lat' dir='ltr'><strong>patrum</strong></span> <span class='ocrx_word' id='word_1_216' title='bbox 531 3377 690 3432; x_wconf 84' lang='lat' dir='ltr'><strong>nostrorum</strong></span> <span class='ocrx_word' id='word_1_217' title='bbox 790 3381 824 3430; x_wconf 76' lang='grc'><strong>26</strong></span> <span class='ocrx_word' id='word_1_218' title='bbox 844 3375 897 3429; x_wconf 90' lang='lat' dir='ltr'><strong>hoo</strong></span> <span class='ocrx_word' id='word_1_219' title='bbox 916 3371 1085 3428; x_wconf 86' lang='lat' dir='ltr'><strong>vocabulum</strong></span> 
     </span>
     <span class='ocr_line' id='line_1_33' title="bbox 70 3442 1084 3513; baseline -0.004 -13"><span class='ocrx_word' id='word_1_220' title='bbox 70 3447 149 3504; x_wconf 86' lang='lat' dir='ltr'><strong>deest</strong></span> <span class='ocrx_word' id='word_1_221' title='bbox 165 3448 196 3502; x_wconf 90' lang='lat' dir='ltr'><strong>in</strong></span> <span class='ocrx_word' id='word_1_222' title='bbox 215 3447 281 3502; x_wconf 90' lang='lat' dir='ltr'><strong>Vat.</strong></span> <span class='ocrx_word' id='word_1_223' title='bbox 296 3449 326 3502; x_wconf 89' lang='lat' dir='ltr'><strong>et</strong></span> <span class='ocrx_word' id='word_1_224' title='bbox 340 3446 448 3513; x_wconf 85' lang='lat' dir='ltr'><strong>Bamb.;</strong></span> <span class='ocrx_word' id='word_1_225' title='bbox 467 3445 563 3502; x_wconf 59' lang='lat' dir='ltr'><strong>Berua</strong></span> <span class='ocrx_word' id='word_1_226' title='bbox 579 3447 747 3502; x_wconf 85' lang='lat' dir='ltr'><strong>documenta</strong></span> <span class='ocrx_word' id='word_1_227' title='bbox 782 3452 817 3502; x_wconf 78' lang='grc'><strong>26</strong></span> <span class='ocrx_word' id='word_1_228' title='bbox 832 3442 930 3498; x_wconf 90' lang='lat' dir='ltr'><strong>Bamb.</strong></span> <span class='ocrx_word' id='word_1_229' title='bbox 945 3445 974 3498; x_wconf 91' lang='lat' dir='ltr'><strong>et</strong></span> <span class='ocrx_word' id='word_1_230' title='bbox 987 3443 1084 3498; x_wconf 70' lang='lat' dir='ltr'><strong>Barna</strong></span> 
     </span>
     <span class='ocr_line' id='line_1_34' title="bbox 71 3517 302 3585; baseline 0.004 -14"><span class='ocrx_word' id='word_1_231' title='bbox 71 3517 302 3585; x_wconf 86' lang='lat' dir='ltr'><strong>promissionibus</strong></span> 
     </span>
    </p>
   </div>
   <div class='ocr_carea' id='block_1_8' title="bbox 0 0 1284 4048">
    <p class='ocr_par' dir='ltr' id='par_1_8' title="bbox 0 0 1284 4048">
     <span class='ocr_line' id='line_1_35' title="bbox 0 0 1284 4048; baseline 0 0"><span class='ocrx_word' id='word_1_232' title='bbox 0 0 1284 4048; x_wconf 95' lang='lat' dir='ltr'><strong> </strong></span> 
     </span>
    </p>
   </div>
  </div>
 </body>
</html>
