2552 4048
1014 4 1268 443 b

72 455 209 520 lissimis
243 457 380 542 gemmis
414 457 695 540 sumptuosissime
727 457 921 542 composita,
954 474 1093 541 quorum

70 546 219 609 valorem
242 545 296 610 vix
318 567 383 611 una
406 565 525 630 magna
552 545 660 630 patria
682 565 891 629 compensare
921 547 1091 630 potuisset,

73 634 113 697 ad
131 633 228 698 ilium
246 633 352 718 finem,
370 637 417 718 ut,
435 635 463 698 si
481 634 669 718 inopinatus
688 634 868 699 horrendae
888 634 1090 699 infelicitatis

72 725 223 805 eventus,
252 722 338 807 quod
365 723 465 806 absit,
494 723 653 806 eveniret,
681 727 739 788 aut
761 743 795 788 se
818 725 981 808 ingereret
1003 723 1090 788 votis

49 812 142 881 seius
166 811 220 876 vel
244 812 273 876 si
300 811 440 877 fortasse
463 815 659 877 mercatores
687 812 752 895 ipsi
776 813 920 896 aliquam
942 811 1090 877 fraudem

72 901 123 964 vel
150 899 377 983 deceptionem
404 901 633 984 inpermissam
665 900 896 965 confinxissent
926 905 983 965 aut
1014 922 1090 985 quo·

72 1009 199 1072 cunque
218 989 314 1053 modo
334 1011 428 1054 casus
446 989 651 1055 necessitatis
668 989 719 1053 vel
738 989 874 1073 periculi
894 990 1090 1072 accederent,

73 1078 146 1160 ipsa
165 1076 204 1141 de
224 1077 385 1143 dictorum
405 1079 612 1144 enceniorum
630 1077 736 1162 pretio
760 1078 825 1142 sibi
847 1083 959 1163 posset
985 1077 1091 1163 quoad

72 1167 160 1230 vitae
174 1167 447 1232 sustentationem
457 1167 625 1232 consulere
640 1188 677 1231 ac
692 1167 792 1231 etiam
805 1167 940 1250 provide
953 1189 1090 1252 pauper-

38 1283 60 1320 ιι
73 1254 153 1318 tatis
176 1255 290 1339 iugum
312 1277 331 1319 a
350 1277 384 1320 sc
407 1256 566 1321 discutere
585 1258 617 1320 et
640 1255 768 1340 fugare,
791 1255 961 1339 impellens
984 1257 1090 1339 ipsam

73 1343 194 1408 seriose
223 1348 257 1408 et
283 1343 429 1409 districte
457 1347 494 1409 ut
521 1344 609 1409 dicta
635 1345 768 1410 encenia
793 1344 879 1426 apud
907 1345 941 1408 se
963 1345 1011 1410 ita
1035 1345 1089 1409 ab·

74 1432 246 1497 scanderet
269 1453 307 1497 ac
330 1433 430 1497 etiam
453 1433 645 1516 occultaret,
668 1433 839 1516 quodnisi
862 1453 955 1497 casus
978 1437 1089 1498 tantae

9 1539 10 1546 ¹
72 1520 280 1586 necessitatis
308 1522 488 1604 accederet,
516 1525 554 1586 ut
576 1520 736 1604 praedixi,
760 1521 844 1585 nulli
866 1541 1009 1605 unquam
1031 1521 1089 1586 bo·

72 1609 155 1673 mini
177 1610 301 1674 viventi
331 1610 369 1674 de
392 1611 444 1674 his
467 1632 567 1674 unum
590 1610 725 1674 verbum
753 1609 979 1694 quoquomodo
1002 1632 1089 1675 reve·

36 1725 58 1764 ra
72 1701 164 1763 leret.
210 1697 303 1774 Quod
330 1719 364 1762 se
391 1699 463 1782 ipsa
485 1699 552 1762 filia
578 1698 740 1764 facturam
764 1699 896 1763 omnino
920 1700 1018 1763 matri
1042 1720 1090 1763 re-

93 1786 233 1851 ΜΜ.

71 1811 92 1870 p
163 1875 288 1952 Quibus
305 1875 502 1939 omnibus
476 1897 522 1940 sic
536 1875 676 1958 peractis
695 1879 729 1939 et
746 1874 798 1939 die
818 1875 858 1939 ad
877 1875 1088 1939 recedendum
1102 1872 1142 1936 16

7 1951 9 2040 i
71 1965 218 2048 praefixa
241 1963 429 2028 adveniente
453 1967 649 2029 mercatores
676 1963 832 2047 praedicti
859 1964 1089 2047 imperatorem

73 2053 223 2117 adierunt
249 2052 357 2116 dicent
342 2055 392 2116 tes
420 2053 590 2135 ipsumque
617 2055 836 2136 rogantesut
798 2073 918 2116 ueos
942 2053 1089 2117 recedere

37 2168 60 2207 so
72 2142 280 2226 permitteret
310 2146 344 2206 et
375 2141 581 2224 imperatoris
613 2139 753 2206 Romani
784 2141 889 2204 filium
920 2161 986 2204 una
1018 2161 1091 2204 eum

73 2232 143 2294 eius
166 2230 233 2294 iilia
251 2252 310 2294 sua
331 2229 468 2312 coniuge
491 2229 673 2293 remitteret
696 2229 780 2294 siout
803 2229 844 2293 ab
867 2229 962 2294 initio
985 2229 1090 2294 fuerat

72 2319 258 2384 ordinatum
274 2322 466 2400 asserentes,
484 2318 571 2401 quod
589 2321 718 2402 tempus
737 2317 940 2383 reoedendia
957 2317 1089 2382 domino

73 2429 133 2472 suo
158 2407 221 2472 sibi
244 2406 422 2490 praefixum
445 2407 597 2488 instaret,
621 2407 777 2490 quodt
727 2407 777 2472 ult
778 2407 863 2471 erius
882 2406 1012 2471 tardare
1032 2406 1089 2470 ali-

73 2496 216 2580 qualiter
247 2517 314 2560 non
342 2496 506 2560 auderent.
551 2493 732 2579 Imperator
761 2517 837 2561 vero
865 2495 928 2560 hoc
956 2495 1090 2560 audiena

34 2610 58 2649 a
72 2581 176 2648 filiam
209 2605 301 2648 suam
329 2605 393 2648 una
421 2605 493 2648 cum
525 2605 584 2647 suo
618 2605 737 2667 sponso
768 2585 848 2667 ipsis
880 2583 1018 2650 tradidit
1050 2584 1090 2648 ad

71 2663 213 2737 Romam
231 2671 345 2737 urbem
363 2671 607 2756 perducendam.
645 2669 727 2736 Oum
747 2676 857 2736 autem
882 2672 1089 2754 imperatoris

71 2762 142 2825 filia
166 2761 206 2825 ad
229 2765 374 2844 portum,
397 2761 455 2824 ubi
477 2780 591 2842 naves,
615 2759 732 2844 quibus
756 2759 796 2823 ad
815 2759 953 2824 Romam
975 2759 1090 2824 urbem

71 2849 241 2916 transvehi
273 2849 426 2933 debebat,
458 2848 693 2932 consistebant,
722 2848 905 2929 duceretur,
935 2852 1029 2931 pater
1057 2852 1090 2913 et

72 2941 179 3002 mater
200 2939 311 3021 ipsani‘
330 2937 528 3002 associantes
552 2940 727 3020 coeperunt
750 2957 847 3019 super
869 2935 976 3020 ipsam
999 2936 1089 3020 plan-

33 3047 58 3087 ³0
72 3046 149 3110 gere
163 3026 318 3180 &addida
331 3025 774 3197 1fidicinioscilreaffldiigotissima,
792 3114 903 3177 lumen
921 3115 1089 3179 oculorum
1101 3111 1141 3173 17

70 3207 276 3286 nostrorum,
300 3203 474 3267 senectutis
496 3205 628 3268 nostrae
651 3202 799 3284 baculus,
826 3203 956 3286 imperii
982 3203 1087 3269 nostri

145 3365 216 3412 4se
234 3375 290 3427 pro
313 3357 350 3424 si
374 3359 663 3428 praedicandam,
689 3359 797 3414 conieci.
871 3357 1089 3440 aprovidaD,

72 3431 146 3498 qaod
171 3429 345 3499 providendo
368 3429 524 3499 eipuifioare
547 3431 670 3498 videtar;
691 3446 762 3499 prop
764 3429 836 3482 rium
859 3428 895 3485 F
988 3436 1021 3484 10
1040 3428 1090 3482 im·

73 3501 184 3570 pellens
209 3502 324 3565 conieci,
350 3497 502 3568 prohibens
528 3501 603 3554 codd.
683 3508 716 3554 14
741 3500 796 3554 hiis
822 3501 897 3554 codd.
977 3506 1009 3554 19
1036 3517 1089 3569 que

73 3585 124 3626 om.
145 3572 181 3626 F
254 3577 288 3625 22
307 3572 418 3639 ternpus
437 3571 467 3625 D
471 3571 624 3640 ,tempore
643 3570 679 3624 F.
753 3575 786 3625 28
805 3570 931 3625 transvei
950 3570 986 3624 F
