2552 4048
561 253 785 318 ...94-

166 399 229 478 tur,
256 395 440 480 composuit
464 394 612 460 infinitos
640 396 800 460 tractatus
828 391 1028 458 diversarum
1055 385 1186 460 ὑποθέ-
1264 393 1265 396 ’

167 500 266 564 crac,
295 484 329 548 in
359 483 515 570 quibus
505 504 571 548 ram
600 482 714 548 subtili
740 481 890 566 nequitia
916 481 1036 548 infudit
1065 485 1189 567 postea

166 531 276 657 prodit
277 593 314 636 aa
348 571 527 656 impietatis
557 591 694 654 venena,
730 591 812 655 quae
849 571 982 636 moralis
1016 569 1188 638 interdum

168 659 355 727 occultabat
377 659 518 726 suadela.
562 658 741 744 Postquam
763 680 839 724 vero
863 659 1048 743 eloquentia
1071 663 1106 726 et
1128 657 1185 722 ab·
1265 690 1266 738 ι

132 749 323 815 sstinentia
345 747 591 814 commendante
614 744 717 812 Oonst
703 747 998 830 tantinopolitanae
1025 746 1186 815 ecclesiae
1265 743 1266 832 ι

166 837 359 921 pontificatu
381 840 432 902 est
454 836 602 918 donatus,
612 839 773 938 apertum
797 857 830 900 se
853 834 991 919 hostem,
1015 859 1111 922 quem
1128 835 1186 899 diu
1265 853 1266 914 ι

166 926 305 1008 celabat,
333 925 508 991 ostendens
537 886 669 1008 scripsit
694 922 852 988 librum
854 924 948 1008 quasi
971 886 1043 990 de
1033 945 1183 992 mcarna·
1265 965 1266 992 3

166 1014 256 1079 tione
279 1012 425 1078 Domini'
449 1013 618 1098 sexaginta
646 1015 679 1077 et
664 1012 826 1077 tduobus
849 1013 978 1078 didnae
1002 1015 1185 1100 scriptume

166 1103 360 1167 testimoniis
382 1123 483 1187 pravo
507 1123 604 1168 sensu
627 1104 860 1184 constructum,
884 1101 1006 1185 inquo
1030 1103 1107 1187 quid
1132 1122 1185 1166 as·

115 1208 149 1256 10
169 1191 376 1276 severaverit,
398 1191 434 1255 in
457 1193 608 1276 catalogo
630 1190 846 1255 hereticorum
869 1191 1113 1256 monstrabitur.

580 1370 661 1462 Gap.
690 1367 770 1442 LV.

256 1506 465 1592 Caelestinus,
487 1509 578 1574 urbis
595 1509 719 1574 Romae
738 1507 918 1592 episcopus,
942 1509 1106 1574 decretum
1131 1531 1186 1592 sy·

166 1597 243 1661 nodi
271 1596 442 1661 adversum
469 1619 568 1680 supra
595 1597 717 1661 dictum
739 1595 931 1662 Nestorium
952 1596 1103 1663 habitum
1126 1618 1185 1662 vo-

167 1685 276 1749 lumen
303 1683 486 1750 describens
515 1686 556 1750 ad
584 1684 726 1750 Orientis
755 1687 788 1749 et
816 1683 999 1750 Occidentis
1028 1686 1186 1751 ecclesias

115 1793 148 1842 ιι
167 1771 256 1837 dedit
274 1773 467 1838 confirmans
481 1774 606 1839 duabus
619 1774 655 1838 in
669 1772 799 1838 Ohristo
813 1773 1022 1839 manentibus
1039 1774 1186 1859 perfecte

167 1861 292 1927 naturis
315 1883 414 1927 unam
428 1861 504 1927 Filii
518 1861 580 1928 Dei
603 1862 795 1927 credendam
816 1883 886 1927 esse
904 1865 1064 1928 naturam.
1096 1861 1186 1928 Huic

168 1949 347 2015 sententiae
380 1972 479 2034 supra
506 1951 609 2018 dictus
635 1951 808 2018 Nestorius
842 1954 993 2016 ostensus
1026 1955 1077 2017 est
1111 1973 1186 2016 esse
1267 2027 1268 2034 ἵ

168 2039 355 2104 contrarius.
402 2037 558 2105 Similiter
586 2039 685 2104 etiam
712 2037 849 2124 Xystus,
880 2061 1046 2105 successor
1069 2037 1185 2105 anle-
1267 2035 1268 2072 ι

168 2127 266 2208 atini,
290 2149 351 2212 pro
378 2129 492 2194 eadem
520 2150 554 2194 rc
586 2133 618 2194 et
648 2128 689 2193 ad
718 2128 826 2212 ipsum
856 2125 1045 2194 Nestorium
1078 2133 1112 2194 et
1143 2128 1186 2192 ad

115 2236 149 2284 ao
169 2213 311 2280 Orientis
339 2217 507 2302 episcopos
537 2218 710 2283 adversum
736 2239 880 2284 errorem
906 2217 976 2282 eius
1000 2217 1185 2283 occidenta-

167 2303 248 2368 lium
273 2306 451 2370 sententias
475 2305 644 2371 direxerat.

571 2486 653 2577 Ocp.
681 2485 783 2557 LVI.

235 2663 238 2674 ·
258 2619 455 2706 Theodorus,
473 2622 666 2707 Ancyranus
681 2622 829 2689 Galatiae
848 2624 1028 2708 episcopus,
1051 2625 1186 2710 scripsit

168 2710 337 2776 adversum
369 2709 572 2796 Nestorium,
602 2712 705 2778 adhuc
739 2711 863 2795 Ephesi
892 2714 1019 2796 positus
1061 2714 1184 2779 librum

115 2816 148 2866 as
167 2798 406 2885 redargutionis
434 2804 467 2866 et
494 2800 725 2868 confutationis
753 2801 922 2866 dialectica
954 2802 1085 2886 quidem
1114 2806 1184 2868 arte

169 2888 367 2973 ordinatum,
391 2889 447 2954 sed
471 2891 665 2956 auctoritate
689 2911 854 2954 sacrarum
873 2891 1109 2974 scripturarum
1132 2891 1184 2955 de-

167 2979 301 3040 textum.

256 3063 369 3128 Multis
406 3067 493 3130 enim
530 3067 761 3132 assertionibus
794 3088 872 3132 usus
906 3070 970 3152 est,
1005 3071 1182 3152 antequam

169 3152 399 3235 scripturarum
422 3155 612 3220 testimonia
634 3156 777 3238 poneret.

240 3291 369 3347 6Βιιιι·
362 3291 552 3361 episcopatu
605 3293 699 3348 Bern·
718 3293 829 3349 hostem
847 3293 983 3350 ecclesiae
1047 3291 1181 3348 9Βιιιι·

168 3361 302 3432 quicquid
375 3367 408 3417 10
426 3360 521 3418 Born·
514 3363 777 3420 ·demonstrabitur
851 3371 883 3418 12
903 3365 989 3418 Bern:
1009 3364 1124 3419 decreta

169 3438 202 3487 13
221 3431 331 3489 Bamb.·
351 3432 470 3488 ιιιιιιιιι
487 3433 617 3488 habitum
695 3441 728 3490 18
746 3435 857 3491 Bamb..
878 3435 985 3490 similes
1067 3433 1181 3489 Bamb.:

168 3502 262 3558 Sixtus
334 3509 368 3558 20
387 3504 481 3560 Barna
500 3503 700 3560 succidendum
