2546 4036
559 238 752 302 ..2-

147 379 249 444 fuerit
272 382 305 442 et
329 379 529 464 singulorum
553 371 739 464 dequibus
763 379 915 463 scripturi
940 402 1051 445 sumus
1075 381 1170 446 volu-

150 469 240 533 mina
263 469 386 532 aetates
409 472 578 534 auctorum
601 489 734 533 suorum
757 490 853 552 saepe
877 471 1047 535 testentur.

237 556 352 641 Itaque
366 555 542 622 Dominum
562 555 672 622 Iesum
687 555 852 622 Christum
870 578 993 642 precor,
1011 559 1056 642 ut,
1079 559 1169 642 quod

151 643 262 711 Cicero
286 648 376 728 tuus,
405 645 460 728 qui
488 645 523 709 in
552 667 624 710 arce
647 645 815 711 Romanae
839 646 1042 730 eloquentiae
1067 645 1171 731 stetit,

114 751 217 800 enon
242 737 291 798 est
313 733 419 798 faeere
443 733 635 819 dedignatus
658 735 694 799 in
716 734 820 800 Bruto
845 739 1011 800 oratorum
1034 735 1169 821 linguae

149 823 271 887 latinae
290 826 402 887 texens
422 822 621 909 catalogum,
640 823 674 887 id
693 843 754 907 ego
773 824 808 888 in
826 823 980 890 ecclesiae
1000 824 1069 888 eius
1089 825 1169 890 scri-

148 912 297 994 ptoribus
322 911 548 977 enumerandis
568 911 666 996 digne
685 912 909 978 cohortatione
928 915 986 978 tua
1003 912 1171 998 impleam.

150 997 185 1064 Si
208 1000 264 1084 qui
287 1004 396 1064 autem
419 1000 458 1064 de
481 1000 532 1066 his
557 1001 610 1086 qui
631 1022 731 1085 usque
750 1001 847 1066 hodie
867 1000 1053 1086 scriptitant
1072 1025 1091 1067 a
1114 1023 1169 1066 me

149 1089 185 1152 in
206 1089 269 1154 hoo
296 1089 460 1156 volumine
488 1090 710 1172 praetermissi
733 1094 823 1174 sunt,
853 1089 917 1156 sibi
939 1090 1044 1174 magis
1069 1111 1168 1176 quam
1203 1130 1205 1134 -

100 1193 134 1242 10
153 1173 235 1241 mihi
257 1177 423 1259 imputare
442 1176 613 1242 debebunt.

238 1263 351 1350 Neque
376 1265 462 1330 enim
481 1267 622 1332 celantes
642 1267 762 1350 scripta
781 1287 839 1332 sua
858 1266 976 1351 dehis,
996 1288 1079 1351 quae
1098 1289 1169 1333 non

149 1353 230 1440 legi,
252 1376 349 1420 nosse
372 1354 479 1439 potui,
502 1358 535 1419 et
558 1355 644 1440 quod
668 1355 739 1420 aliis
766 1355 909 1420 forsitan
930 1359 1060 1438 notum,
1083 1357 1166 1420 mihi

149 1443 184 1506 in
211 1442 273 1508 hoo
302 1446 463 1512 terrarum
491 1445 612 1530 angulo
642 1444 741 1508 fuerit
768 1444 926 1530 ignotum.
973 1443 1068 1511 Certe
1092 1467 1166 1510 cum

150 1531 279 1614 seriptis
303 1533 370 1596 suis
394 1532 581 1618 claruerint,
602 1555 669 1599 non
691 1553 888 1618 magnopere
911 1533 1018 1598 nostri
1041 1533 1167 1598 silentii

97 1635 130 1684 15
150 1619 319 1703 dispendia
342 1621 561 1704 suspirabunt.

170 1717 173 1723 '
237 1707 376 1774 Disoant
398 1709 499 1794 igitur
518 1707 640 1795 Celsus,
658 1710 869 1794 Porphyrius,
886 1709 1044 1793 Iulianus,
1058 1711 1167 1776 rabidi

149 1797 303 1862 adversus
323 1795 490 1862 Christum
508 1821 618 1884 canes,
637 1799 765 1864 discant
782 1802 958 1864 sectatores
978 1821 1090 1867 eorum
1109 1801 1166 1884 qui

148 1888 265 1968 putant
283 1886 453 1952 ecelesiam
471 1887 579 1953 nullos
597 1886 812 1972 philosophos
831 1891 864 1952 et
882 1887 1079 1974 eloquentes,
1093 1889 1168 1954 nul-

149 1974 199 2038 los
222 1973 377 2040 habuisse
400 1976 562 2060 doctores,
591 1977 706 2063 quanti
734 1980 767 2042 et
790 1977 902 2061 quales
925 1977 987 2043 viri
1010 1977 1168 2042 fundave-

96 2063 219 2126 norint
247 2064 465 2128 exstruxerint
492 2065 721 2132 adornaverint
750 2068 783 2130 et
811 2064 962 2132 desinant
988 2065 1087 2130 fidem
1111 2088 1169 2132 no·

150 2154 251 2215 stram
275 2153 415 2218 rusticae
437 2157 566 2219 tantum
590 2154 808 2237 simplicitatis
832 2175 983 2240 arguere,
1007 2175 1167 2240 suamque

148 2239 259 2322 potius
282 2240 480 2326 imperitiam
503 2245 710 2326 cognoseant.

124 2411 125 2417 ἵ
237 2327 319 2394 Vale
341 2330 377 2392 in
399 2327 541 2394 Domino
564 2329 638 2394 Iesu
661 2327 802 2396 Christo.

480 2546 669 2627 Incipiunt
692 2504 832 2610 trevas.

392 2689 416 2748 I.
463 2687 566 2750 Simon
588 2690 707 2752 Patrue.

391 2777 431 2838 H.
476 2777 602 2838 Iacobus
625 2779 721 2838 frater
742 2778 871 2838 Domini.

392 2867 448 2927 111.
494 2867 670 2928 Matthaeus
691 2868 746 2945 qui
769 2869 800 2926 et
822 2867 905 2928 Levi.

392 2955 444 3015 IV.
490 2956 580 3016 Iudas
603 2957 698 3016 frater
720 2955 831 3016 Iacobi.

394 3042 431 3104 V.
476 3044 589 3104 Paulus
613 3045 665 3120 qui
688 3048 759 3104 ante
782 3043 900 3104 Saulus.

219 3217 235 3266 3
254 3210 333 3266 Vae:
353 3210 504 3266 Dominum
523 3211 627 3280 Iesum;
650 3211 748 3268 Bamb.
772 3214 802 3267 et
820 3212 915 3268 Bana:
939 3211 966 3268 d.
990 3214 1119 3270 nostrum
1140 3214 1167 3270 J.

148 3280 227 3348 uhr.;
247 3281 390 3338 Norimb.:
409 3282 561 3338 Dominum
579 3299 673 3338 meum
691 3283 712 3336 I.
733 3282 797 3338 (thr.
869 3289 886 3337 4
904 3282 1046 3340 Norimb.:
1066 3289 1128 3341 arte

148 3358 182 3408 13
200 3353 281 3409 Vara
300 3352 475 3424 incognitum
534 3359 568 3408 20
587 3353 685 3409 Bamb.
705 3356 734 3410 et
751 3353 832 3410 Bern.
853 3356 882 3409 et
899 3353 1037 3412 Norimb.=
1059 3356 1166 3412 instru-

146 3421 239 3478 xerint
285 3429 319 3480 22
338 3425 435 3480 Bamb.
452 3425 480 3478 et
493 3423 574 3480 Bam.
590 3426 620 3480 et
633 3425 772 3482 Norimb.=
791 3428 993 3496 recognoscant
1040 3432 1073 3482 23
1092 3428 1166 3483 haec

148 3493 284 3549 salutatio
302 3495 385 3550 deest
402 3493 432 3548 in
449 3492 548 3550 Bamb.
