2546 4036
488 273 704 339 ..29-

81 419 117 481 et
139 413 247 480 multa
269 414 334 480 alia
356 433 449 496 aper
463 414 674 496 passarana
695 413 878 499 volumina,
900 436 983 501 quae
1001 419 1103 482 secta

81 507 173 570 tores
203 503 273 568 aius
301 502 341 568 de
369 524 447 586 syra
472 501 585 588 lingua
611 504 779 570 verterunt
806 502 841 568 in
863 523 1024 589 maecum
1070 502 1105 569 Si

86 596 197 658 autem
221 594 318 657 tanta
335 591 384 656 ris
408 593 442 655 et
460 590 570 676 fulgor
587 594 638 656 est
655 589 691 654 in
709 590 988 677 interpretatione,
1005 613 1105 677 quan·

83 684 154 746 tam
177 682 333 765 putamus
356 699 430 746 csso
451 679 487 746 in
509 699 657 748 sermone
679 679 838 766 proprio?

192 861 193 868 ¹
306 829 309 834 ’
446 859 748 952 aa.xxnra
1143 887 1159 937 s

8 1053 9 1056 η
101 1008 103 1012 ’
175 995 308 1082 Viator,
340 997 454 1062 tertius
489 997 631 1062 decimus
654 995 779 1064 Itomae
810 999 900 1064 urbis
924 996 1106 1084 episcopus,

84 1089 179 1170 aspar
211 1087 388 1168 quaestione
411 1085 577 1170 pascimus
597 1089 630 1151 et
666 1086 731 1150 alia
767 1087 925 1172 quaedem
962 1087 1106 1154 scribens

86 1175 249 1329 gpuscula
280 1175 365 1240 rexit
397 1175 565 1240 ecclesiam
597 1175 657 1238 sub
686 1171 803 1240 Severo
834 1176 979 1262 principe
1012 1175 1105 1242 annis

107 1285 207 1330 ecem.

461 1355 738 1448 aa.xxxu
828 1316 874 1430 ,’
1125 1367 1159 1416 a

179 1492 350 1576 Irenaeus,
377 1491 513 1558 Pothini
536 1493 695 1578 episcopi,
723 1494 779 1578 qui
801 1492 1107 1580 Lugdunensamin

89 1581 198 1648 Gallia
220 1581 356 1666 regebat
378 1582 561 1666 ecclesiam,
579 1581 751 1668 presbyter
769 1605 790 1647 a
807 1580 1005 1666 martyribus
1024 1581 1107 1646 eius-

89 1671 163 1736 dem
186 1671 251 1736 loci
270 1671 312 1735 ob
331 1670 488 1756 quasdam
506 1671 658 1736 ecclesiae
678 1672 885 1756 quaestiones
903 1671 1030 1756 legatus
1044 1670 1107 1736 Ro·

91 1779 180 1824 mam
208 1757 327 1824 missus
358 1757 554 1825 honorificas
584 1779 680 1844 super
706 1761 837 1826 nomine
865 1781 923 1824 suo
938 1758 988 1824 'ad
1008 1757 1107 1823 'Eleu-

91 1847 222 1912 therum
255 1847 379 1932 perfert
409 1848 547 1913 litteras.
596 1847 717 1912 Postea
745 1849 811 1912 iam
837 1847 978 1912 Pothino
1005 1867 1107 1930 prope
1128 1860 1160 1910 15

91 1935 313 2021 nonagenario
337 1935 379 2001 ob
403 1933 527 2001 Christi
550 1935 743 2020 martyrium
765 1938 920 2001 coronato
943 1933 1108 2000 inlocum

92 2025 162 2090 eius
187 2023 404 2090 substituitur.
437 2021 577 2091 Constat
600 2027 708 2088 autem
730 2022 918 2108 Polycarpi,
941 2022 1032 2088 cuius
1056 2045 1109 2088 su·

92 2135 152 2197 pra
175 2112 312 2178 fecimus
340 2114 557 2198 mentionem,
585 2111 762 2178 sacerdotis
790 2116 822 2177 et
844 2111 998 2196 martyris
1020 2112 1108 2177 hunc

94 2201 198 2266 fuisse
229 2199 430 2286 discipulum.
482 2199 619 2286 Scripsit
648 2201 787 2286 quinque
820 2200 921 2265 libros
953 2199 1108 2266 adversus

94 2289 241 2368 hereses,
265 2293 297 2354 et
320 2295 434 2356 contra
456 2293 569 2376 gentes
591 2291 744 2356 volumen
766 2290 876 2374 breve,
899 2291 932 2354 et
954 2288 993 2352 de
1016 2287 1108 2354 disci·
1127 2305 1161 2354 2ο

89 2379 182 2463 plina
211 2377 312 2460 aliud,
341 2383 374 2443 et
401 2378 442 2444 ad
460 2377 670 2446 'Marcianum
696 2379 831 2445 fratrem
859 2377 898 2443 de
927 2377 1107 2462 apostolica

88 2465 346 2552 praedicatione,
374 2471 407 2532 et
433 2467 553 2532 librum
580 2469 744 2534 variorum
766 2469 979 2552 tractatuum,
1006 2469 1039 2531 et
1066 2466 1107 2531 ad

89 2553 242 2620 Blastum
266 2555 305 2620 de
328 2556 520 2642 schismate,
548 2559 581 2621 et
604 2557 645 2622 ad
667 2555 834 2622 Florinum
858 2555 896 2621 de
919 2553 1108 2621 monarchia

90 2643 158 2709 sive
182 2641 270 2728 quod
283 2643 372 2710 Deus
394 2665 462 2710 non
485 2645 529 2710 sit
548 2643 696 2710 conditor
717 2646 892 2728 malcrum,
911 2646 945 2708 et
963 2644 1002 2709 de
1021 2644 1107 2708 octa·

88 2753 130 2798 va
159 2731 329 2818 egregium
358 2737 546 2820 syntagma,
578 2734 613 2798 in
641 2734 731 2798 cuius
759 2735 823 2798 fine
851 2731 1038 2816 significans
1070 2753 1104 2796 sa
1123 2749 1158 2799 aa

90 2817 349 2906 apostolicorum
380 2826 564 2907 temporum
591 2822 732 2887 vicinum
762 2822 865 2886 fuisse
897 2819 1107 2904 subscripsit:

90 2908 218 2974 ‘adiuro
238 2912 287 2988 te,
307 2910 362 2995 qui
380 2910 571 2976 transcribis
589 2911 708 2975 librum
726 2911 840 2992 istum,
858 2929 917 2992 per
930 2907 1108 2974 Dominum

89 3001 243 3063 nostrum
266 2997 373 3064 Iesum
397 2996 564 3064 Christum
597 3001 631 3064 et
660 3019 719 3082 per
750 2998 929 3084 gloriosum
956 2997 1024 3062 eius
1053 2997 1107 3062 ad·

90 3089 227 3150 ventum
257 3107 321 3170 quo
349 3087 549 3154 iudicaturus
579 3088 628 3152 est
657 3089 690 3151 et
717 3087 809 3153 vivos
834 3089 866 3150 et
888 3089 1047 3172 mortuos,
1070 3090 1108 3151 ut

90 3174 256 3257 conferas,
287 3177 461 3260 postquam
492 3175 673 3260 scripseris,
703 3179 736 3240 et
766 3175 919 3241 emendes
945 3174 1037 3240 illum
1066 3172 1107 3239 ad
1126 3193 1161 3242 30

163 3319 196 3367 11
217 3311 296 3366 vat:
314 3311 398 3368 fotini
481 3319 513 3367 16
531 3313 610 3370 Vatr
629 3313 658 3368 in
676 3314 738 3370 loco
817 3319 850 3368 21
871 3311 948 3366 Vat:
969 3311 1056 3366 alium

90 3387 124 3438 22
138 3383 219 3439 Vct:
237 3382 380 3438 variorum
398 3385 428 3438 et
498 3389 532 3438 23
547 3384 645 3440 Bamh.
660 3387 690 3441 ct
703 3383 843 3440 Norimb.:
863 3381 1006 3447 scismat03
1026 3381 1105 3437 Vct:

90 3453 221 3510 crismate
291 3458 326 3508 25
345 3453 457 3508 Bambr
475 3453 580 3510 librum
642 3461 677 3510 29
696 3455 774 3510 Vate
794 3453 842 3522 qui
906 3457 941 3505 30
960 3451 1010 3504 ala
1029 3453 1105 3508 tran·

91 3523 237 3595 scripseris
310 3523 388 3578 Vat:
407 3523 479 3578 illud
