2546 4036
567 243 783 310 ,32-

168 387 308 474 epistula
336 407 434 472 super
461 385 666 454 ordinatione
687 382 892 469 Asclepiadis
918 382 1118 454 confessoris
1138 382 1186 462 ¹ed

168 475 407 544 Antiochenses
426 473 684 562 congratulantis
707 473 764 557 eis,
786 475 822 540 in
842 494 909 558 qus
929 471 1025 557 ponit
1045 471 1082 538 in
1107 470 1187 538 fine:

169 563 260 632 ‘haee
290 564 392 649 robis,
422 563 546 630 domini
569 585 607 630 ac
629 561 762 646 trabes,
792 560 913 646 scripta
943 560 1189 628 transmisimus

168 675 227 738 per
249 653 380 722 beatum
404 650 602 718 Clementem
624 651 860 736 presbyterum,
884 649 989 718 vnum
1003 649 1190 716 inlustrem

134 760 151 810 t
170 746 203 808 et
223 741 407 826 probatum,
429 761 524 824 quom
546 763 606 806 vos
629 761 756 824 quoqne
778 738 870 810 scitis
892 741 926 803 et
938 759 1035 812 ‚nunc
1059 737 1190 822 plenius

169 830 386 916 cognoscetis,
414 829 563 914 quicum
584 829 649 894 huc
671 828 813 896 venisset
833 827 925 892 iuxta
946 826 1190 910 providentium

170 923 204 984 et
234 919 457 986 visitationem
485 916 561 1001 Dei,
592 915 797 990 confirmavit
827 919 862 980 et
893 915 986 982 aruit
1017 915 1189 982 ecelesiam

170 1007 326 1074 Domini'.
372 1003 512 1074 Constat
533 1005 702 1092 Originem
727 1005 823 1072 hirins
851 1003 952 1070 fuisse
980 1003 1189 1088 discipulum.

169 1095 296 1161 Floruit
314 1098 424 1160 autem
438 1093 548 1160 Severi
565 1098 599 1162 et
611 1093 781 1176 Antonini,
798 1092 856 1158 filii
875 1093 953 1172 eius,
971 1093 1189 1176 temporibus.
1259 1153 1260 1156 ,

118 1300 151 1350 10
287 1279 304 1286 ”
524 1275 607 1366 Gap.
638 1273 828 1347 XXXIX.

259 1411 437 1496 Miltiades,
463 1411 554 1478 euius
576 1409 717 1476 Rhodon
739 1410 774 1478 in
801 1429 897 1494 opere
921 1430 993 1489 suo,
1022 1408 1113 1495 quod
1137 1409 1189 1474 ad·
1259 1371 1260 1462 i

170 1522 300 1568 versum
317 1499 519 1583 Montanum,
536 1500 681 1566 Priscam
699 1497 976 1583 Maximillamque
994 1499 1191 1583 composuit,

170 1589 358 1655 reeordatus
377 1592 435 1671 est,
458 1587 588 1673 scripsit
605 1590 718 1655 eontra
741 1587 1042 1654 eosdem'rclumen
1065 1588 1188 1670 praeci·

171 1699 283 1761 puum,
307 1680 341 1741 et
363 1676 534 1748 adversum
556 1678 669 1760 gentes
691 1674 892 1761 ludaeosque
914 1675 1016 1740 libros
1040 1675 1136 1760 alios,
1158 1679 1189 1740 et

120 1783 153 1834 15
172 1764 371 1851 principibus
390 1765 478 1830 illius
496 1764 655 1848 temporis
673 1764 912 1850 apologeticum
932 1763 1028 1830 dedit.
1062 1762 1191 1830 Floruit

171 1853 275 1920 Marci
297 1853 459 1920 Antonini
483 1851 716 1936 Commodique
738 1852 948 1937 temporibus.

533 2034 777 2126 ‚0⁶1an
899 2029 900 2032 ¹

260 2173 463 2259 Apollonius,
477 2171 528 2236 vir
537 2167 777 2255 disertissimus,
792 2170 921 2256 scripsit
930 2169 1086 2236 adversus
1096 2167 1189 2235 Mon·

86 2341 90 2352 Ι
171 2265 298 2346 tenum,
330 2259 475 2327 Priscam
511 2263 544 2324 et
575 2258 789 2324 Maximillam
823 2258 951 2346 insigne
984 2263 1017 2323 et
1052 2257 1191 2344 longum
1258 2253 1259 2338 ξ

119 2367 154 2416 20
173 2350 334 2433 volumen,
357 2370 422 2434 quo
446 2349 563 2413 asserit
580 2347 773 2414 Montanum
797 2352 829 2412 ct
847 2348 980 2412 insanas
1003 2349 1097 2412 vates
1123 2347 1191 2412 eius
1258 2341 1259 2436 J

171 2438 293 2522 perisse
316 2437 504 2520 suspendio,
535 2438 568 2500 et
590 2437 694 2501 multa
717 2437 794 2518 alia,
816 2437 851 2501 in
874 2435 991 2521 quibus
1014 2434 1053 2500 de
1077 2433 1192 2501 Prisca
1258 2437 1259 2474 ³

172 2529 206 2591 et
228 2522 407 2591 Maximilla
429 2525 542 2590 refert:
570 2521 611 2590 ‘si
633 2529 756 2610 negant
778 2545 833 2590 eas
862 2524 1023 2609 accepisse
1045 2545 1193 2608 munera,

172 2614 387 2680 confiteantur
427 2635 495 2680 non
527 2633 596 2679 esse
632 2613 807 2698 prophetas
844 2613 900 2699 qui
938 2612 1118 2698 accipiunt,
1161 2615 1193 2677 et
1258 2653 1259 2698 ς

173 2703 262 2768 mille
284 2703 347 2768 hoc
375 2702 514 2768 testibus
544 2703 741 2788 approbabo.
787 2699 850 2766 Sed
873 2723 912 2766 er
935 2701 1007 2768 aliis
1030 2699 1192 2767 fructibus
1258 2703 1259 2708 ’

121 2812 154 2863 2⁶
173 2792 354 2876 probantur
366 2792 553 2877 prophetae.
577 2789 639 2856 Dic
652 2789 742 2871 mibi,
756 2790 877 2870 crinem
890 2788 979 2856 fricat
991 2789 1192 2873 prophetes?

173 2881 270 2947 stibio
303 2882 414 2947 oculos
447 2880 522 2945 linit
559 2879 757 2964 prophetes?
802 2879 945 2944 vestibus
983 2881 1016 2942 et
1051 2879 1192 2963 gemmis
1258 2947 1259 2966 ξ

172 2971 308 3033 ornatur
329 2968 526 3054 prophetes?
552 2967 637 3035 ludit
658 2967 773 3034 tabula
795 2969 828 3032 et
850 2967 980 3032 tesseris
1004 2965 1191 3050 propheta?

171 3055 265 3120 fenus
298 3056 437 3140 accipit?
474 3053 708 3142 respondeant,
735 3056 816 3121 haec
848 3059 958 3120 utrum
995 3053 1065 3118 fieri
1093 3055 1193 3120 liceat
1258 3063 1259 3126 l

173 3165 216 3209 an
238 3143 329 3208 non?
364 3141 473 3208 Meum
497 3147 547 3208 est
568 3145 720 3228 probare,
744 3145 820 3229 quia
841 3141 998 3210 fecerint'.
1044 3141 1136 3208 Dicit
1158 3143 1193 3207 in

119 3257 154 3308 30
173 3232 284 3298 eodem
316 3231 401 3298 libro
434 3232 718 3316 quadragesimum
754 3253 823 3299 esse
857 3253 977 3298 annum
1014 3253 1118 3317 usque
1152 3231 1193 3297 ad

244 3430 260 3478 o
275 3424 325 3479 ab:
340 3422 545 3492 recognoscetis
600 3429 632 3478 11
647 3422 725 3480 Vat.:
740 3423 901 3493 Meltiades;
915 3425 1022 3480 bamb:
1037 3423 1192 3480 Melciades

172 3499 206 3546 27
227 3492 347 3550 ‘tabula'
367 3493 446 3550 deest
463 3493 494 3548 in
511 3492 575 3549 Vat.
