2552 4048
159 465 229 508 rem
258 442 307 506 ita
337 463 407 506 esse
436 462 510 506 cum
537 441 718 506 iuramento
747 439 924 506 affirmavit
951 442 984 504 et
1011 460 1084 504 cum
1116 438 1176 504 im·

158 533 289 614 perator
321 530 410 596 aliud
442 531 483 596 ab
515 551 553 596 eo
581 530 663 596 scire
689 551 755 594 non
786 532 910 613 posset,
942 527 1104 612 quaesivit
1136 528 1176 592 de

158 619 289 684 nomine
321 640 378 684 suo
412 623 446 684 et
479 618 507 684 si
539 640 620 704 quos
658 618 741 686 alios
779 619 898 684 amicos
930 617 1067 682 haberet
1098 620 1177 701 post
1272 648 1273 652 ¹

160 711 307 773 matrem.
341 708 405 784 Qui
419 707 501 772 dixit
515 707 592 774 sibi:
617 705 864 772 ‘Constantinus
878 726 976 772 vocor
990 728 1029 770 ex
1042 706 1175 770 nomine

157 818 217 862 nec
236 796 341 862 babeo
361 796 443 862 alios
464 796 586 862 amicos
604 796 671 862 nisi
688 802 827 862 matrem
842 798 875 860 et
888 816 1021 860 uxorem
1038 811 1203 878 pauper-s

160 885 266 950 culam
285 883 475 950 mulierem'.
508 884 690 968 Imperator
708 884 771 950 hoc
790 883 901 948 audito
915 882 1083 948 mandavit
1101 883 1176 966 sibi,

158 977 196 1037 ut
219 976 357 1038 matrem
381 996 474 1040 suam
497 976 530 1037 et
553 995 687 1039 uxorem
710 973 839 1038 adeius
862 972 1081 1056 praesentiam
1103 992 1174 1054 pcr-

159 1062 305 1146 duceret,
329 1083 401 1128 aum
424 1062 494 1146 ipse
518 1062 669 1128 omnibus
694 1061 798 1128 modis
821 1061 918 1126 huius
936 1061 985 1124 rei
1003 1060 1175 1125 veritatem

159 1150 240 1215 scire
266 1151 374 1215 vellet.

105 1235 148 1299 35
247 1236 480 1304 Constantinus
509 1259 585 1304 vero
608 1241 738 1322 recepto
769 1237 932 1321 imperiali
954 1236 1108 1302 mandato
1133 1236 1176 1302 ad
1190 1255 1214 1295 1⁰

157 1327 290 1392 domum
318 1348 411 1391 suam
438 1347 586 1392 reversus
614 1330 754 1392 matrem
780 1349 872 1392 suam
905 1329 938 1390 et
964 1346 1098 1391 uxorem
1125 1325 1174 1389 in-

158 1415 252 1480 dutas
280 1415 319 1480 de
347 1414 536 1480 melioribus
565 1415 631 1480 suis
660 1414 805 1480 vestibus
834 1418 867 1480 et
894 1417 1026 1480 ornatas
1050 1412 1092 1478 ad
1113 1414 1174 1478 im·

157 1503 319 1586 peratoris
341 1504 561 1606 praesentiam
590 1503 749 1586 perduxit
791 1503 971 1587 Imperator
1000 1507 1056 1568 aut
1057 1525 1109 1568 em
1133 1502 1175 1567 ad
1274 1571 1275 1574 ,

156 1591 357 1656 Helenam
348 1614 383 1656 ιιι
410 1592 479 1656 eius
512 1592 698 1674 praesentia
727 1593 941 1657 constitutam
972 1591 1066 1656 dixit·
1099 1590 1175 1660 ‘Est

156 1680 290 1763 inquam
308 1679 392 1744 ille
383 1680 509 1744 1uvenis
528 1679 615 1744 filius
634 1679 749 1744 tuus‘l'
786 1678 876 1754 Quae
894 1679 1091 1781 respondens
1111 1681 1174 1744 ait:
1189 1697 1212 1737 ιι
1274 1671 1275 1716 l

157 1766 244 1850 Ἑιι,
268 1767 419 1833 domine'.
455 1766 547 1832 Dixit
532 1767 763 1850 timporator:
789 1766 881 1844 ‘Quis
906 1772 956 1834 est
974 1768 1062 1833 enim
1079 1772 1175 1851 pater
1274 1801 1275 1804 ¹

158 1818 267 1922 ιιιιιι’
305 1855 395 1933 Quae
419 1857 587 1940 respondit
609 1857 730 1922 dicens:
769 1855 886 1940 ‘Ego
876 1879 984 1940 ipsum
1006 1857 1041 1921 in
1062 1856 1174 1922 iuven·

156 1949 227 2010 tute
251 1967 323 2010 mea
342 1945 382 2010 de
401 1945 540 2030 quodam
559 1945 643 2030 viro,
668 1967 763 2030 quem
782 1945 817 2010 in
839 1945 989 2028 partibus
1007 1945 1174 2011 natalibus

158 2034 254 2100 amici
289 2034 353 2098 mei
386 2033 468 2098 mibi
499 2035 534 2099 in
566 2035 722 2099 maritum
755 2034 999 2117 copulaverant,
1036 2034 1174 2118 suscepi,

158 2122 212 2204 qui
246 2144 266 2186 a
297 2144 350 2188 me
382 2144 449 2186 non
477 2122 573 2208 longe
601 2127 678 2207 post
704 2144 794 2188 more
820 2122 1011 2207 negotiandi
1040 2123 1176 2188 recessit
1188 2139 1214 2181 ao

158 2213 191 2274 et
214 2210 255 2274 ad
273 2233 325 2276 me
348 2215 464 2295 postea
481 2233 548 2276 non
567 2216 618 2276 est
634 2233 792 2276 reversus.
830 2209 866 2276 si
887 2216 1034 2276 mortuus
1053 2211 1098 2275 sit
1117 2215 1175 2276 aut

157 2299 261 2382 vivat,
284 2299 362 2363 deus
385 2297 468 2363 soit’.
504 2297 687 2383 Imperator
710 2321 872 2366 veronen
894 2299 978 2366 bene
1001 2302 1174 2365 contentus

157 2386 197 2450 de
226 2387 437 2469 responsione
466 2387 611 2452 mulieris
635 2388 741 2472 magis
771 2410 869 2472 quam
891 2392 987 2454 antea
1006 2388 1175 2468 'dubitavit

158 2479 191 2538 et
218 2474 385 2538 mandavit
412 2474 519 2556 ipsam
542 2497 607 2539 una
630 2497 704 2539 cum
731 2475 858 2540 familia
881 2499 939 2542 sua
962 2477 1004 2542 ad
1026 2498 1174 2542 mensam

157 2583 249 2626 suam
267 2562 353 2626 inter
372 2562 524 2626 mulieres
543 2563 670 2628 nobiles
694 2563 736 2628 ad
755 2565 985 2631 comedendum
1003 2565 1213 2632 collocares

105 2643 147 2709 36
245 2649 357 2716 Nurus
381 2654 490 2716 autem
512 2649 655 2716 Helenae
678 2652 896 2734 pulcherrima
913 2653 997 2718 facie
1015 2657 1051 2718 et
1072 2657 1130 2738 apt
1131 2655 1174 2719 is·

157 2737 241 2804 sinis
272 2739 384 2805 arat
374 2761 409 2804 ιιι
440 2761 574 2823 corpore
607 2743 641 2804 et
626 2740 844 2806 tsecundum
875 2741 1061 2807 nobilitatis
1094 2764 1174 2808 suae

157 2827 379 2894 condicionem
402 2827 618 2894 nobilissimis
642 2828 787 2894 moribus
812 2830 946 2895 erudita.
986 2829 1077 2906 Quae
1099 2852 1174 2896 cum

156 2920 243 2982 esset
265 2916 351 2982 inter
371 2916 452 2980 alias
476 2917 642 2999 mulieres,
664 2939 731 2982 ιιοιι
749 2918 835 2982 ιιοιι
853 2918 933 2983 viles
954 2923 987 2984 et
1005 2941 1173 3002 pannosae

156 3008 391 3069 consueverunt
413 3003 520 3069 facere
543 3005 709 3090 mulieres,
732 3007 821 3071 cibos
841 3005 934 3072 avide
956 3029 1091 3090 sumere,
1115 3008 1171 3072 sed
1186 3023 1212 3064 ³⁰

155 3092 359 3175 disciplinam
384 3096 416 3156 et
434 3095 645 3160 verecundiae
663 3093 867 3160 honestatem
887 3117 1025 3180 sequens
1046 3096 1173 3162 studuit

155 3184 253 3264 prout
281 3203 373 3246 suam
400 3181 608 3248 nobilitatem
637 3183 744 3250 decuit
772 3184 1034 3250 mansuetissime
1060 3189 1095 3250 et
1118 3185 1172 3250 de-

228 3337 429 3422 lperduceret
447 3338 489 3405 D,
509 3337 663 3392 adduceret
682 3337 717 3395 F
826 3345 926 3393 8cum
948 3341 1054 3396 decat'
1042 3357 1074 3394 ιι
1092 3341 1171 3397 codd.

158 3414 191 3462 16
211 3407 277 3463 Post
295 3407 368 3461 dixit
385 3410 483 3463 insert
501 3408 532 3462 F
548 3408 631 3462 enim.
717 3416 750 3465 20
769 3427 877 3464 morem
895 3410 1060 3480 negotiandi
1077 3411 1173 3482 gratia

158 3479 235 3534 codd.
245 3478 338 3560 gratia
353 3481 561 3548 explicationem
575 3496 628 3536 ease
641 3481 768 3537 vocabuli
780 3498 857 3537 more
871 3487 950 3538 rutae
964 3483 1080 3538 correct.
1136 3489 1170 3538 21

157 3550 206 3601 aut
224 3549 304 3602 vrvat
322 3551 397 3605 codd
525 3555 528 3562 '
