2552 4048
476 307 514 320 ..
566 272 627 364 199
676 307 715 320 ..

500 415 582 508 Gap.
605 418 704 490 XOI.

177 535 384 621 Theodulus,
415 537 587 622 presbyter
613 539 648 602 in
677 536 875 623 Ooelesyria,
902 537 1005 603 multa
1033 559 1108 603 con·
1173 593 1182 610 ‚

86 625 259 710 scripsisse
287 625 413 710 dicitur,
442 625 498 690 sed
527 627 568 690 ad
595 649 647 692 me
679 627 763 693 liber
786 627 854 693 eius
878 627 979 711 venit,
1009 646 1105 711 quem

87 714 139 779 ‘de
164 715 381 780 consonantia
404 713 532 779 divinae
552 715 742 801 scripturae'
766 716 965 800 composuit,
989 715 1023 780 id
1047 719 1106 800 est,

87 803 210 868 veteris
235 807 268 868 et
290 804 366 868 novi
388 805 588 888 testamenti,
618 805 790 870 adversum
815 806 965 889 antiquos
988 803 1107 869 hereti·
1145 817 1161 870 ὁ

89 914 160 976 cos,
183 893 240 976 qui
263 895 398 977 propter
421 892 636 958 differentiam
658 897 904 978 praeceptorum
927 893 979 958 vel
1009 893 1107 957 caeri-
1166 941 1168 946 .

14 1011 15 1014 ¹
89 981 276 1046 moniarum
308 981 408 1045 alium
440 982 558 1046 veteris
591 985 779 1048 testamenti
807 981 913 1048 Deum
950 982 1108 1064 dixerunt,

90 1070 193 1134 alium
224 1070 312 1136 novi.
370 1069 411 1135 In
442 1091 505 1156 quo
539 1072 682 1136 ostendit
718 1071 970 1156 dispensationis
1006 1070 1107 1135 fuisse

89 1159 188 1223 unius
217 1158 424 1244 eiusdemque
452 1157 528 1243 Dei,
556 1161 697 1227 auctoris
725 1161 893 1245 utriusque
918 1159 1107 1244 scripturae,

89 1252 127 1312 ut
151 1248 218 1312 alia
239 1268 298 1331 per
319 1247 457 1331 Moysen
484 1249 626 1333 antiquis
655 1249 787 1314 daretur
813 1249 849 1314 in
877 1249 1107 1315 sacrificiorum
1128 1263 1161 1312 10

89 1337 296 1402 caerimoniis
311 1339 344 1402 et
355 1336 546 1402 'iudiciorum
566 1338 910 1422 animadversionibus,
929 1338 994 1402 alia
1011 1336 1107 1402 nobis

12 1423 13 1428 ’
93 1446 153 1509 per
175 1423 300 1490 Christi
322 1425 541 1509 praesentiam
563 1427 599 1490 in
623 1426 724 1492 sacris
748 1427 909 1510 mysteriis
933 1429 967 1490 et
989 1425 1107 1490 futuris

91 1514 411 1598 repromissionibus3
443 1535 502 1578 nec
535 1514 662 1580 diversa
690 1516 777 1580 credi
804 1515 920 1580 debere
953 1517 1009 1578 aut
1040 1534 1109 1578 non

91 1604 1162 1778 tltdtbttttirtllbdttlttfzttt1,

91 1782 165 1865 ipsa
189 1781 366 1847 secundum
390 1781 570 1867 spiritalem
592 1782 794 1847 intellectum
817 1782 967 1847 vivificet.

182 1870 326 1936 Moritur
347 1869 401 1936 hic
424 1871 564 1954 scriptor
585 1874 744 1956 regnante
767 1869 905 1934 Zenone.

488 2017 570 2108 cap.
598 2015 720 2087 xcrr.

183 2117 350 2203 Sidonius,
364 2118 594 2203 Arvernorum,
613 2119 794 2202 episcopus,
813 2117 943 2202 scripsit
965 2115 1055 2181 varia
1078 2117 1111 2180 et

94 2211 190 2294 grata
222 2207 391 2292 opuscula,
423 2211 456 2272 et
492 2229 591 2273 sanae
623 2207 788 2272 doctrinae
818 2205 916 2271 homo
950 2204 1108 2289 siquidem
1128 2217 1162 2270 20

95 2303 165 2361 tam
189 2295 306 2360 divinis
330 2316 427 2379 quam
446 2296 598 2362 humanis
619 2295 660 2360 ed
678 2296 843 2381 integrum
861 2294 1005 2359 imbutus
1026 2313 1111 2357 acer·

95 2407 157 2469 que
189 2383 322 2470 ingenio
355 2385 488 2470 scripsit
520 2386 561 2450 ad
592 2385 737 2450 diversos
767 2384 895 2449 diverso
925 2385 1028 2448 metro
1058 2381 1111 2446 vel

95 2494 196 2558 prosa
228 2473 444 2558 compositum
477 2474 689 2558 epistularum
722 2473 851 2558 insigne
878 2472 1044 2554 volumen,
1076 2471 1112 2535 in

97 2584 177 2647 quo,
201 2561 278 2646 quid
295 2562 331 2626 in
352 2563 469 2628 litteris
487 2565 613 2647 posset,
637 2563 787 2628 ostendit.
823 2561 947 2628 Verum
969 2562 1004 2626 in
1019 2557 1110 2624 (ibri-

97 2651 208 2717 stiano
231 2649 343 2736 uigore
366 2651 493 2736 pollens
521 2651 619 2715 etiam
647 2651 732 2716 inter
753 2651 912 2715 barbarae
935 2647 1111 2713 ferocitatis
1130 2661 1164 2711 25

10 2737 11 2760 ³
96 2739 251 2804 duritiem
275 2761 357 2824 quae
381 2760 418 2804 eo
441 2743 588 2823 tempore
602 2739 714 2804 Gallos
738 2740 954 2822 oppresserat,
978 2734 1111 2801 catholi-

95 2849 152 2893 cus
185 2831 279 2912 pater
316 2830 349 2894 et
386 2828 498 2894 doctor
534 2827 687 2906 habetur
709 2826 857 2912 insignis.
910 2823 1037 2889 Floruit
1075 2845 1113 2888 ea

98 2920 310 3001 tempestate,
334 2938 398 3002 qua
420 2916 486 2983 Leo
509 2921 543 2981 et
565 2915 652 2982 Zeno
674 2915 833 2981 Romanis
855 2913 1067 2999 imperabant.

475 3062 557 3153 Gap.
589 3057 733 3132 XOIII.

187 3179 367 3267 Iohannes,
393 3181 589 3248 Antiochiae
621 3182 791 3266 parochiae
823 3203 862 3246 ex
898 3179 1112 3268 grammatico
1131 3194 1166 3244 3ο

96 3270 281 3356 presbyter,
309 3271 441 3356 scripsit
468 3271 638 3338 adversum
661 3292 726 3356 eos,
749 3271 804 3356 qui
833 3271 869 3335 in
891 3291 958 3334 una
984 3270 1113 3333 tantum

172 3397 188 3446 2
207 3389 306 3446 Berua
325 3391 487 3449 Theodorus
540 3392 680 3448 Norimb.:
699 3393 791 3447 dicere
850 3397 866 3445 6
885 3387 1025 3444 Norint:
1045 3387 1113 3442 ceri·

98 3461 267 3544 monialium
328 3469 360 3518 15
380 3462 475 3519 Bern:
495 3463 607 3519 occidat
666 3469 699 3517 19
718 3463 772 3518 hoc
792 3463 890 3544 ceput,
910 3459 985 3527 quod
1002 3458 1038 3540 in·
1050 3457 1114 3514 aliis

97 3533 243 3589 codicibus
260 3550 316 3589 non
334 3535 484 3604 invenitur,
502 3536 546 3590 est
564 3534 593 3588 in
612 3533 841 3602 Norimbergenu
917 3536 952 3584 23
971 3529 1112 3585 Nonmb.:
