2546 4036
559 270 785 334 -34-

417 401 423 408 ’
542 431 624 526 cap.
650 415 805 504 ‘norm

176 561 180 569 ’
253 523 463 655 Theophilus,
474 561 650 634 Caesareae
660 569 872 647 Palaestinae,
882 565 1059 656 'quaesolim
1067 565 1186 631 Turris

163 657 327 724 Stratonis
350 654 535 740 vocabatur,
553 659 733 742 episcopus,
752 658 813 722 sub
829 656 947 725 Severo
956 653 1183 740 prinoips'ad-

104 765 111 802 c
163 765 294 814 versum
307 767 373 830 eos,
392 747 447 831 qui
461 749 577 831 quarta
591 746 809 812 decimaluna
829 765 902 810 cum
916 744 1047 810 Iudaeis
1060 743 1187 828 pasche

109 855 127 905 e
158 835 339 918 iaciebant,
371 851 443 900 cum
476 835 591 900 ceteris
619 833 778 918 episcopis
808 833 996 919 ¹synodicum
1025 836 1059 898 et
1090 828 1185 897 valde

164 925 278 990 utilem
301 923 484 1008 composuit
506 923 690 1008 epistulam.
875 949 877 954 ·

403 1157 410 1172 .
545 1103 627 1194 Gap.
658 1099 798 1173 XLIV.

252 1239 449 1325 Batnhylus,
468 1236 617 1304 Corinthi
641 1241 821 1324 episho‘pus,
845 1240 915 1306 sub'
929 1239 1044 1305 ebdem'
1061 1237 1183 1304 Severo

163 1330 307 1414 principe
330 1329 436 1394 clarus
458 1327 590 1392 habitus
614 1333 677 1409 est,
708 1331 741 1394 et
764 1328 803 1392 de
825 1327 948 1414 pascha
970 1349 1009 1392 ex
1022 1328 1182 1393 'omnium

111 1437 144 1487 ιο
164 1419 219 1504 qui
246 1418 280 1482 in
303 1417 429 1482 Achaia
451 1422 544 1482 erant
571 1417 796 1501 episcoporum
823 1435 964 1501 persona
999 1417 1184 1501 eleganteffl

164 1497 283 1571 lihrum
308 1507 446 1590 scripsit

555 1614 638 1706 Gap.
670 1595 787 1688 XLV
860 1621 863 1628 ⁴

253 1751 456 1836 Polycrates,
488 1751 706 1835 Ephesiorum
741 1753 923 1838 episcopus,
961 1773 1034 1818 cum
1066 1752 1183 1816 cetens
1264 1757 1265 1804 3

165 1841 326 1925 episcopis
349 1840 462 1924 Asiae,
492 1840 547 1926 qui
575 1841 666 1906 iuxta
693 1842 853 1926 quandam
881 1846 1023 1907 emerem
1051 1861 1183 1906 consue·

111 1947 145 1996 ro
164 1929 311 1994 tudinem
334 1932 449 2014 quarta
470 1929 595 1994 decima
616 1930 695 1994 luna
718 1952 791 1995 cum
810 1929 938 1996 Iudaeis
956 1929 1079 2014 pascha
1102 1929 1183 1993 tela

164 2016 312 2099 brabant,
335 2018 466 2100 scripsit
484 2017 637 2082 adversus
657 2017 832 2102 Victorem,
846 2019 1042 2103 'episcopum
1061 2017 1183 2082 Roma·

163 2121 251 2184 num,
278 2105 451 2188 epistulam
475 2107 681 2190 synodicam,
704 2107 738 2172 in
766 2127 830 2190 qua
857 2107 951 2172 docet
978 2128 1012 2171 se
1040 2105 1182 2190 apostoli
1263 2129 1264 2166 t

163 2192 319 2258 Iohannis
343 2197 376 2258 et
397 2197 541 2258 vetorum
570 2195 796 2260 auctoritatem
819 2195 923 2279 sequi,
951 2195 990 2259 de
1013 2212 1078 2278 que
1102 2194 1182 2258 haee

163 2303 267 2366 panea
286 2283 518 2365 excerpsimus:
538 2280 609 2347 ‘nos
624 2283 729 2366 igitur
746 2283 970 2349 inviolabilem¹
980 2281 1182 2348 celebramus

111 2389 146 2439 20
167 2369 250 2434 diem
274 2391 334 2434 nee
361 2369 515 2434 addentes
543 2371 665 2454 aliquid
687 2393 747 2436 nec
774 2372 948 2436 dementes.
992 2371 1124 2435 Etenim
1147 2372 1182 2434 in

165 2458 248 2522 Asia
271 2459 432 2523 elementa
453 2458 595 2523 maxime
616 2459 826 2544 dormierunt,
849 2482 931 2544 quae
952 2463 1124 2545 resurgent
1146 2459 1181 2522 in
1262 2463 1263 2468 ’

165 2545 216 2610 die
237 2543 378 2624 Domini,
397 2546 524 2630 quando
539 2550 694 2612 venturus
712 2551 764 2612 est
781 2548 821 2612 de
839 2549 938 2613 caelis
955 2549 992 2612 in
1009 2549 1181 2611 maiestate

163 2655 224 2698 sua
251 2637 285 2698 et
313 2635 524 2699 suscitaturus
547 2656 659 2700 omnes
683 2640 827 2718 sanctos,
854 2635 1041 2720 Philippum
1064 2637 1182 2720 loquor

165 2722 204 2787 de
223 2722 391 2788 duodecim
415 2723 581 2808 apostolis,
604 2725 661 2808 qui
680 2724 833 2789 dormivit
850 2723 1030 2809 Hierapoli,
1048 2727 1082 2788 et
1099 2725 1181 2788 duas

108 2829 145 2880 uc
164 2811 249 2877 filias
268 2811 347 2894 eius,
360 2833 442 2896 quae
456 2812 597 2898 virgines
617 2817 802 2897 senuerunt,
820 2817 853 2877 et
871 2813 969 2877 sliam
987 2813 1056 2876 eius
1070 2812 1182 2892 filiam,

163 2920 245 2984 quae
274 2897 393 2984 spiritu
421 2905 533 2966 saneto
563 2901 660 2985 plena
687 2901 724 2966 in
752 2901 883 2985 Epheso
911 2900 1071 2967 occubuit.
1118 2899 1181 2966 Sed

163 2993 197 3051 et
228 2986 406 3071 Iohannes,
440 2989 496 3072 qui
527 3011 624 3072 super
654 2994 766 3074 pectus
800 2987 933 3054 Domini
968 2989 1117 3054 recubuit
1148 2993 1182 3052 et
1261 2997 1262 3004 ’

163 3073 309 3160 pontifex
334 3076 403 3140 eius
424 3077 489 3140 fuit
512 3099 643 3142 aureum
666 3078 821 3142 laminam
843 3078 878 3142 in
902 3077 1011 3143 fronte
1034 3085 1182 3162 perteue,

164 3165 289 3247 martyr
306 3167 340 3227 et
362 3163 484 3248 doctor,
505 3165 541 3228 in
558 3163 690 3249 Epheso
712 3166 873 3231 dormivit.
908 3165 954 3231 Et
971 3165 1181 3250 Polycarpus,

108 3274 145 3324 so
165 3251 336 3337 episcopus
373 3255 407 3316 et
438 3257 577 3336 martyr,
614 3251 772 3337 Smyrnae
805 3255 964 3320 occubuit
1018 3254 1181 3320 Thraseae
1260 3309 1261 3340 5

162 3361 303 3425 quoque,
332 3340 501 3424 episeopus
531 3345 564 3404 et
586 3345 722 3426 martyr,
745 3342 784 3406 de
807 3342 980 3427 Eumenia,
1006 3343 1042 3406 in
1066 3342 1181 3408 eadem

234 3518 269 3566 28
285 3511 373 3582 uuit,
383 3529 466 3582 quem
475 3511 563 3569 habet
573 3511 714 3586 etBamh,
723 3515 841 3570 deestin
855 3515 891 3570 al.
922 3515 999 3572 Vct:
1014 3501 1181 3572 lamminam
