2546 4036
518 225 713 288 ..γ-

99 365 347 434 circumcisione
361 363 572 447 crediderant,
586 365 621 430 in
634 363 750 449 Ponto,
760 363 899 444 Galatia,
909 364 1121 450 Cappadocia,

102 454 182 520 Asia
210 457 245 518 et
267 451 430 538 Bithynia,
453 452 593 518 secundo
619 451 733 520 Claudi
757 475 842 518 anno
872 454 912 518 ad
935 475 1121 540 expugnan-

104 544 179 608 dum
207 540 375 608 Simonem
402 563 536 628 magum
563 541 701 608 Romam
731 543 839 627 porgit
865 543 974 627 ibique
1001 544 1120 628 viginti

102 631 246 716 quinque
276 632 369 696 annis
403 631 590 696 cathedram
620 631 854 698 sacerdotalem
884 633 990 697 tenuit
1016 651 1119 716 usque

100 720 143 786 ad
161 719 314 784 ultimum
328 718 470 785 Neronis
489 741 622 802 annum,
640 720 673 784 id
697 725 762 805 cst,
781 723 932 805 quartum
949 720 1118 788 decimum.
1155 735 1173 784 ι)

191 809 223 872 A
251 829 314 893 quo
343 811 377 872 et
403 808 527 873 adfixus
559 809 646 874 cruci
679 809 837 892 martyrio
869 813 1042 874 coronatus
1071 814 1121 875 est

100 898 213 980 capite
237 897 277 962 ad
300 899 422 962 terram
444 919 539 962 verso
564 901 596 962 et
613 897 648 962 in
668 897 805 962 sublime
824 897 960 980 pedibus
985 897 1119 964 elevatis

102 1007 251 1051 asserens
275 1007 310 1052 se
332 985 505 1070 indignum
529 986 584 1070 qui
607 987 653 1050 sic
677 986 926 1071 crucifigeretur,
948 991 986 1052 ut
1008 986 1120 1052 Domi·

100 1097 163 1140 nus
187 1097 275 1140 suus.
313 1072 452 1158 Scripsit
470 1075 550 1139 duas
572 1075 744 1159 epistulas,
762 1097 845 1159 quae
863 1075 1042 1142 catholicae
1061 1096 1118 1142 no·
1152 1085 1155 1092 '

101 1165 281 1247 minantum
309 1184 447 1248 quarum
475 1163 615 1230 secunda
645 1185 664 1227 a
691 1164 852 1250 plerisque
881 1165 949 1230 sius
977 1169 1118 1248 negatur
1138 1178 1172 1228 1ο

101 1255 235 1336 propter
263 1252 332 1316 stili
360 1273 433 1316 cum
459 1253 567 1336 priore
590 1252 834 1319 dissonantiam.
881 1253 944 1320 Sed
967 1257 1000 1318 et
1023 1276 1119 1319 evan·

100 1341 223 1425 galium
241 1341 332 1405 iuxta
345 1339 502 1424 Marcum,
519 1342 575 1426 qui
593 1341 722 1406 auditor
739 1343 807 1407 eius
826 1346 860 1408 st
873 1343 1033 1426 interpres
1047 1342 1119 1426 fuit,

102 1429 198 1494 huius
226 1429 306 1494 dicit
291 1433 353 1494 tur.
403 1427 493 1494 Libri
521 1433 644 1513 autem,
672 1451 689 1493 e
718 1431 834 1514 quibus
862 1452 946 1494 unus
971 1433 1117 1496 sotorum

101 1517 171 1582 eius
195 1517 394 1628 inscribitur,
417 1517 500 1583 alius
524 1517 697 1620 evangelii,
720 1517 835 1583 tertius
858 1519 1118 1604 praedicationis,

100 1608 236 1690 quartus
255 1601 505 1692 ἀποκαλύψεως,
523 1607 656 1693 quintus
679 1606 790 1672 iudicii
807 1608 894 1672 inter
912 1609 1118 1692 apocryphas
1138 1619 1173 1669 15

102 1695 279 1778 scripturas
307 1695 527 1778 repudiantur.
574 1693 724 1780 Sepultus
749 1695 909 1761 Romae
899 1719 935 1760 m
958 1695 1119 1762 Vaticano

102 1784 193 1848 iuxta
219 1784 307 1848 riam
333 1783 564 1867 triumphalem
590 1784 693 1848 totius
722 1785 810 1850 orbis
833 1785 1042 1850 veneratione
1072 1807 1120 1850 ce·

101 1872 256 1938 lebratur.

531 1965 612 2056 Cup.
641 1965 695 2035 II.

190 2101 330 2168 Iacobus
349 2103 404 2186 qui
423 2103 606 2187 appellatur
625 2103 728 2167 frater
741 2101 883 2187 Domini,
903 2106 1118 2188 cognomento
1138 2116 1174 2164 20

102 2191 227 2276 Iustus,
250 2194 288 2255 ut
309 2193 458 2257 nonnulli
477 2191 676 2277 existimant,
699 2191 783 2256 filius
804 2189 936 2276 Ioseph,
954 2195 991 2257 ut
1010 2197 1119 2256 autem

102 2280 183 2345 mihi
215 2279 352 2365 ridetur,
383 2279 521 2366 Mariae,
554 2281 674 2346 sororis
707 2280 821 2345 matris
849 2279 995 2363 Domini,
1028 2281 1118 2346 cuius

102 2369 264 2435 Iohannes
287 2369 322 2434 in
345 2369 428 2434 libro
454 2391 512 2435 suo
530 2370 691 2448 meminit,
714 2369 812 2455 fflius,
834 2372 910 2454 post
932 2369 1118 2453 passionem

102 2457 237 2523 Domini
256 2456 367 2522 statim
387 2458 427 2522 ab
448 2459 604 2541 apostolis
623 2458 928 2542 Hierosolymorum
946 2459 1117 2544 episcopus

101 2546 286 2630 ordinatus,
313 2568 412 2648 unam
440 2551 568 2611 tantum
596 2547 726 2649 scripsit
753 2548 940 2649 epistulam,
967 2569 1049 2632 quae
1078 2547 1118 2612 de
1137 2558 1172 2606 25

102 2634 688 2807 ttttmtlllttttstt-tt?
700 2635 953 2807 111111
972 2636 1117 2806 arta

102 2811 296 2896 procedente
320 2812 498 2878 obtinuerit
521 2813 757 2878 auctoritatem.

191 2899 398 2985 Hegesippus
425 2899 555 2966 vicinus
583 2900 836 2984 apostolicorum
868 2903 1052 2984 temporum
1084 2901 1118 2966 in

103 2989 218 3074 quinto
243 2989 548 3054 commentariorum
575 2989 658 3054 libro
687 2988 725 3052 de
749 2988 868 3054 Iacobo
892 3010 1030 3054 narrans
1055 2991 1116 3055 ait:
1136 3001 1171 3051 30

104 3075 269 3161 Suscepit
287 3078 455 3144 ecclesiam
469 3077 716 3162 Hierosolymae
735 3081 810 3161 post
829 3079 997 3163 apostolos
1016 3078 1118 3144 frater

175 3204 209 3252 10
228 3198 280 3252 al.·
273 3215 359 3254 ·esse
378 3199 447 3256 eius.
480 3199 514 3258 of
534 3200 644 3270 eap.:V
662 3216 720 3256 non
738 3199 797 3254 eius
817 3199 941 3254 creditur
987 3206 1018 3254 11
1038 3199 1120 3253 Vat-

104 3267 279 3324 dissonantia
334 3275 366 3324 13
381 3269 521 3326 Norimb..
515 3270 674 3326 ·itinerarii
729 3277 761 3324 16
776 3268 887 3326 Bamb:
907 3272 1074 3339 reputantur

105 3346 136 3394 21
156 3338 233 3394 filius
252 3340 358 3394 deest
349 3359 380 3394 m
393 3339 489 3396 Bamb
510 3341 835 3424 etBern,qu1habent
853 3343 919 3410 post
936 3355 1033 3396 uxore:
1053 3355 1118 3394 eum

104 3410 232 3478 genuisse
291 3416 326 3466 26
344 3412 409 3466 Vat
430 3415 459 3466 et
475 3413 615 3468 Norimb:
636 3411 777 3469 canonicis
840 3418 873 3464 31
894 3411 993 3464 Bamb.
1012 3411 1045 3464 et
1059 3411 1120 3465 No·

105 3480 196 3538 rimb:
217 3481 477 3553 Hierosolymorum
