2546 4036
562 235 784 300 ...44-

561 381 644 476 Gap.
671 377 792 452 LXV.
819 407 822 416 ⁵

256 518 459 604 Theodorus,
486 519 542 603 qui
569 521 685 602 postea
711 515 886 602 Gregorius
914 515 1098 601 appellatus
1128 521 1190 600 est,

169 607 606 692 Neocaesareaoepiscopus,
624 604 797 674 admodum
809 605 1004 688 adulescens,
1020 605 1062 671 ob
1078 605 1190 672 studia

209 717 374 763 aecarum·
394 699 428 760 et
467 696 643 765 latinarum
683 695 867 760 litterarum
902 693 942 758 de
979 691 1191 778 Cappadocia

117 791 134 841 5
199 789 326 869 erytum
344 785 471 862 atinde
490 781 688 856 Caesaream.
699 782 903 848 Palaestinae
919 783 1052 848 transiit
1073 783 1189 848 iuncto

169 874 235 943 sibi
247 874 348 940 fratre
362 872 584 939 Athenodoro.
619 871 764 948 Quorum
777 892 852 938 cum
865 871 1031 957 egregiam
1044 871 1190 936 indolem

167 963 304 1028 vidisset
322 961 488 1048 Origenes,
512 962 700 1030 cohortatus
724 963 775 1028 est
796 981 852 1026 eos
876 959 917 1024 ad
935 959 1189 1044 philosophiam,

168 1051 203 1115 in
221 1072 286 1134 qua
307 1050 466 1134 paulatim
482 1049 578 1117 fidem
597 1048 719 1116 Christi
741 1049 1009 1116 subintroducens
1032 1049 1083 1114 sui
1105 1069 1188 1132 quo·

170 1159 232 1222 que
259 1141 435 1207 sectatores
452 1138 614 1212 reddidit.
667 1137 893 1223 Quinquennis
925 1137 1035 1222 itaque
1067 1135 1188 1202 eruditi

118 1234 151 1283 10
170 1227 212 1292 ab
235 1248 274 1292 eo
303 1226 512 1291 remittuntur
539 1226 580 1290 ad
608 1231 754 1291 matrem.
798 1225 827 1290 E
857 1226 973 1311 quibus
997 1224 1189 1290 Theodorus

168 1315 376 1399 proficiscens
398 1315 630 1399 panegyricum
653 1309 862 1398 εὐχαριστίας
888 1313 1020 1398 scripsit
1042 1312 1189 1398 Origeni‚

170 1407 204 1467 et
225 1406 403 1468 convocata
425 1402 540 1488 grandi
562 1401 745 1487 frequentia
766 1402 839 1487 ipso
863 1423 990 1488 quoque
1013 1405 1188 1487 praesente

170 1491 309 1577 Origene
336 1491 499 1573 recitavit3
555 1491 587 1558 ui
618 1512 719 1575 usquc
750 1490 847 1556 hodie
884 1493 998 1556 exstat.
1049 1487 1192 1573 Scripsit

170 1583 204 1644 et
234 1575 444 1664 perciperent
475 1580 511 1644 in
531 1513 758 1646 (ilcclesiasten
789 1581 920 1646 brevem
956 1578 1099 1664 quidem,
1130 1578 1190 1642 sed

89 1719 93 1729 .
118 1675 151 1724 15
169 1667 262 1732 valde
289 1667 401 1732 utilem
408 1671 429 1747 ,·'
450 1671 483 1732 et
510 1666 593 1732 aliae
620 1667 718 1754 vulgo
746 1665 815 1736 eius
842 1668 991 1741 feruntur
1019 1666 1190 1752 epistulae,

170 1759 204 1820 et
220 1755 392 1840 praecipue
410 1755 507 1842 signa
525 1759 622 1841 atque
641 1755 805 1840 miracula,
828 1754 911 1842 quae
930 1756 996 1822 iam
1015 1756 1190 1842 episcopus

170 1866 244 1910 cum
265 1841 369 1912 multa
391 1843 600 1962 ecclesiarum
623 1845 727 1930 gloria
748 1845 957 1930 perpetravit.

475 1983 478 1990 ’
509 1973 511 1980 ’
552 2025 635 2118 cap.
662 2023 806 2098 LXVI.

261 2159 441 2248 cornelius,
453 2162 621 2228 Romanae
639 2164 728 2228 urbis
742 2163 921 2248 episcopus,
940 2162 981 2227 ad
1000 2183 1096 2246 quem
1115 2165 1191 2227 octo

119 2264 153 2315 20
172 2246 331 2334 Cypriani
358 2255 489 2316 exstant
519 2251 692 2334 epistulae,
724 2251 856 2336 scripsit
882 2250 922 2316 ad
945 2250 1094 2334 Fabium,
1121 2249 1192 2315 An-
1265 2297 1266 2320 2

172 2337 342 2402 tiochenae
366 2339 743 2423 ecclesiaeepisccpum,
764 2340 806 2405 de
829 2339 955 2424 synodo
978 2338 1128 2404 Romana
1157 2343 1193 2403 et

172 2425 288 2490 Italica
310 2429 344 2490 et
366 2427 535 2509 Africana,
557 2429 591 2491 et
613 2428 711 2492 aliam
734 2429 773 2493 dc
795 2427 993 2512 Novatiano,
1020 2430 1054 2492 et
1074 2427 1115 2492 de
1138 2427 1192 2492 his
1264 2507 1265 2512 ἵ

173 2512 230 2597 qui
253 2513 337 2596 lapsi
361 2518 450 2599 sunt,
479 2513 615 2580 tertiam
634 2516 674 2581 de
697 2517 798 2602 gestis
821 2515 949 2601 synodi,
977 2518 1125 2601 quartam
1149 2515 1193 2580 ad

174 2601 311 2666 eundem
343 2600 481 2668 Fabium
508 2604 600 2668 valde
631 2606 789 2689 prolixam
817 2605 990 2689 epistulam
1022 2608 1068 2669 et·
1083 2602 1192 2670 Nova·

121 2705 155 2755 25
176 2689 284 2754 tianae
297 2690 448 2757 hereseos
462 2695 624 2758 causaest
641 2693 816 2758 anathema
834 2693 1062 2758 continentem.
1093 2691 1194 2757 Rexit

171 2778 339 2843 ecclesiam
367 2781 426 2846 sub
451 2779 545 2846 Gallo
573 2784 606 2845 e't
634 2779 816 2848 Volusiano
844 2781 938 2846 annis
967 2780 1108 2865 duobus,
1139 2781 1193 2846 cui

172 2867 214 2932 ob
237 2865 360 2934 Ohristi
382 2869 575 2954 martyrium
594 2873 753 2956 'coronato
777 2871 932 2936 successit
955 2868 1082 2935 Lucius.

544 3049 626 3140 cap.
654 3050 821 3124 nxurr
1262 3075 1263 3139 t

261 3180 443 3267 Cyprianus
457 3184 537 3270 Afer
550 3187 691 3270 primum
705 3188 846 3272 gloriose
864 3188 1060 3254 rhetoricam
1079 3188 1195 3254 docuit
1261 3207 1262 3232 ³

118 3289 152 3338 ao
173 3275 206 3336 et
228 3271 350 3356 exinde,
373 3271 527 3338 suadente
549 3274 738 3358 presbytero
759 3273 909 3362 Caecilio,
932 3299 952 3341 a
974 3297 1038 3362 quo
1062 3280 1097 3341 et
1115 3295 1193 3360 cog·

245 3415 278 3464 ra
297 3409 347 3464 ca
371 3409 421 3464 sou
492 3417 527 3466 20
545 3409 624 3467 raca
642 3411 811 3484 areanum
830 3414 942 3472 asma:
962 3413 1132 3470 ravanam
1260 3397 1261 3400 ‘

173 3484 208 3532 26
227 3477 325 3534 Bamh.
345 3481 374 3535 et
390 3479 530 3536 Norimb.:
550 3482 631 3537 annis
649 3483 702 3538 XII

1257 3611 1260 3826 l

1256 3861 1259 3990 s
