2552 4048
548 291 762 357 ..14-

149 452 310 536 citabant,
338 450 465 537 quando
494 452 555 515 erit
582 451 737 535 tempus'.
785 451 902 516 Mulier
937 451 1060 530 autem,
1089 446 1166 532 quia

149 541 253 626 magis
290 541 481 605 meticulosa
517 540 589 606 ideo
626 541 732 626 magis
765 540 920 624 sollicita,
952 557 1088 622 surgens
1126 536 1166 600 de

149 630 232 694 lecto
265 633 298 694 et
329 630 442 694 induta
474 630 620 695 vestibus
653 630 753 696 exivit
784 629 823 694 de
854 629 995 694 tentorio
1029 629 1062 690 et
1090 647 1166 690 cum

149 720 397 804 circumquaque
420 719 631 803 perquisisset
659 741 719 784 nec
741 741 841 784 naves
863 740 924 784 nec
945 717 1095 783 homines
1117 715 1166 778 in-

150 807 306 893 venisset,
334 829 464 873 reversa
493 808 535 873 ad
562 808 667 873 virum
695 829 768 873 cum
796 828 917 893 magno
946 805 1068 872 eiulatu
1095 825 1165 868 rem
1196 823 1210 863 5

151 900 279 981 gestam
302 897 384 961 dixit
407 896 478 962 sibi.
515 896 578 973 Qui
599 897 663 963 hcc
685 897 796 962 audito
819 918 935 962 manus
957 896 993 960 in
1015 893 1165 977 proprios

151 986 286 1070 capillos
316 985 463 1050 inliciens
492 1008 589 1072 seque
621 986 815 1070 decapillare
846 985 1004 1069 incipiens
1035 982 1167 1046 fortiter

150 1075 186 1138 in
213 1078 340 1140 tantam
369 1075 637 1140 lamentationem
665 1079 698 1140 et
720 1075 863 1140 dolorem
886 1072 1047 1158 prorupit,
1069 1071 1166 1156 quod,

148 1163 212 1228 nisi
244 1164 360 1228 mulier
392 1164 461 1229 eius
497 1164 641 1230 dolorem
673 1164 780 1229 verbis
813 1161 1040 1230 consolatoriis
1076 1159 1165 1224 miti·

149 1254 270 1336 gasset,
294 1274 328 1316 se
350 1252 458 1335 ipsum
477 1256 514 1317 ut
533 1254 669 1318 aestimo
692 1253 823 1338 proprio
842 1251 950 1338 gladio
974 1249 1168 1335 peremisset
1182 1269 1210 1307 10

150 1341 272 1406 dicens:
302 1339 344 1406 ‘0
375 1341 493 1406 dilecta
521 1341 653 1406 domina
679 1363 753 1406 mea
780 1344 813 1406 et
836 1363 969 1426 sponsa,
992 1360 1051 1424 ego
1076 1338 1166 1402 enim

150 1452 222 1494 sum
249 1430 402 1514 pauperis
432 1431 576 1496 mulieris
603 1431 689 1496 filius
712 1434 745 1495 et
766 1431 829 1495 tibi
850 1430 1072 1496 nobilissimae
1095 1449 1167 1491 mu-

149 1520 223 1583 lieri
250 1541 308 1603 per
336 1519 482 1584 causan
510 1523 543 1583 et
575 1520 685 1584 dolum
718 1520 963 1584 maledictorum
992 1517 1166 1582 hominum

149 1608 329 1691 copulatus.
367 1607 454 1683 Quot
477 1611 510 1672 et
533 1608 647 1692 quanti
670 1609 705 1672 in
728 1608 822 1672 domo
845 1608 949 1691 patris
972 1607 1020 1671 tui
1042 1605 1165 1688 reperi-

149 1699 260 1780 untur,
291 1696 347 1779 qui
376 1695 465 1780 digni
495 1700 527 1760 te
557 1717 616 1780 pro
646 1697 775 1762 familia
803 1719 870 1762 non
903 1699 978 1761 sunt
1009 1695 1165 1778 reputati,
1181 1720 1208 1760 1⁵

149 1806 285 1871 quorum
309 1805 370 1870 ego
393 1785 521 1850 ratione
550 1786 678 1871 generis
703 1807 813 1850 servus
842 1807 912 1851 esse
934 1806 1001 1850 non
1023 1804 1166 1868 possem.

148 1873 221 1958 Ego
245 1874 332 1939 enim
356 1896 428 1939 sum
452 1897 549 1939 eausa
567 1875 681 1940 mortis
700 1877 832 1952 tuaeet
855 1875 896 1939 ad
914 1874 1013 1940 istum
1031 1873 1166 1936 misera-

150 1963 249 2028 bilem
263 1963 431 2028 interitum
445 1967 479 2027 te
497 1962 640 2047 perduxi.
670 1961 823 2048 Supplieo
838 1967 874 2028 ut
893 1964 945 2028 vel
962 1985 1013 2028 me
1028 1962 1165 2046 proprio

150 2052 258 2137 gladio
281 2051 457 2117 interficias
481 2053 531 2117 vel
554 2053 690 2136 patiaris
713 2074 765 2118 me
787 2053 895 2136 ipsum
918 2049 1087 2138 iugulare'.

96 2140 139 2203 22
237 2139 354 2205 Mulier
381 2163 458 2206 vero
487 2141 555 2206 eius
584 2141 686 2206 nimio
714 2142 825 2207 dolore
852 2145 942 2206 mota
970 2140 1096 2223 sibique
1126 2161 1166 2204 ex
1181 2170 1209 2208 so

150 2229 244 2293 eorde
272 2229 464 2313 conpatiens
498 2230 728 2296 consolabatur
760 2232 867 2314 ipsum
901 2230 1024 2295 dicens:
1053 2227 1166 2294 ‘Unde

151 2321 207 2381 aut
226 2318 315 2382 cuius
339 2317 535 2384 condicionis
558 2319 610 2384 vel
630 2320 757 2403 generis
777 2319 821 2384 sis
840 2318 1023 2402 reliceris,
1042 2317 1081 2381 de
1100 2317 1164 2382 boe

149 2427 215 2470 non
239 2428 372 2490 quaer03
396 2407 462 2470 scic
482 2407 568 2471 enim
588 2408 674 2491 quod
693 2408 774 2472 mihi
793 2408 827 2472 in
845 2408 997 2472 maritum
1016 2406 1068 2471 vel
1088 2428 1165 2470 con-

149 2494 259 2579 iugem
282 2495 424 2560 sociatus
448 2516 491 2578 es,
515 2517 535 2558 a
552 2498 587 2560 te
605 2517 782 2581 numquam
805 2499 938 2582 propter
961 2498 1086 2579 patrem
1106 2499 1165 2559 aut
1273 2551 1274 2558 ,

150 2587 285 2647 matrem
300 2583 514 2668 autaliquem
528 2604 701 2666 personam
715 2586 877 2650 virentem
892 2585 1067 2669 separabor
1086 2583 1164 2648 dum
1179 2612 1206 2652 ss

149 2671 268 2737 vixero.
309 2670 378 2738 Nec
397 2675 505 2756 potest
522 2695 574 2738 res
592 2674 664 2759 ipsa
684 2674 805 2759 absque
824 2674 970 2739 miraculi
989 2673 1164 2758 praesagio
1273 2715 1274 2720 κ

151 2765 183 2824 et
201 2761 405 2826 ordinatione
424 2761 534 2827 divina
548 2763 716 2847 accidisse3
734 2765 867 2847 propter
886 2763 972 2848 quod
991 2763 1060 2845 ipse
1074 2761 1164 2846 deus,

151 2849 178 2912 si
197 2850 232 2913 in
251 2850 359 2934 ipsum
378 2851 514 2915 firmiter
533 2852 779 2935 speraverimus,
797 2873 857 2916 nos
877 2852 915 2916 de
934 2853 1048 2916 nostra
1067 2850 1163 2916 eitius

150 2939 303 3022 angustia
324 2939 485 3004 liberabit.
531 2938 693 3006 Constans
717 2943 787 3004 estc
810 2944 844 3004 et
867 2940 947 3004 boni
966 2939 1076 3024 animi,
1100 2960 1162 3025 ego
1272 3013 1273 3018 ἵ

150 3026 237 3089 enim
265 3026 369 3092 adhuc
395 3027 500 3094 habeo
528 3031 656 3094 tantum
684 3029 722 3094 de
751 3029 904 3112 pretiosis
932 3029 1076 3094 enceniis
1103 3050 1162 3111 per
1177 3057 1204 3094 eo
1272 3059 1273 3116 q

149 3118 285 3178 matrem
319 3137 425 3180 meam
456 3117 536 3182 mibi
568 3118 712 3203 traditis,
744 3119 875 3203 quibua
909 3117 1084 3184 dummodo
1117 3116 1162 3181 dii

148 3203 254 3268 nostri
285 3203 327 3268 ad
363 3203 502 3288 aliquem
534 3209 665 3290 portum
702 3229 759 3271 seu
789 3207 1026 3272 habitationem
1057 3206 1163 3270 homi-

149 3314 226 3357 num
249 3292 339 3358 vivos
366 3315 426 3358 nos
449 3294 671 3378 perduxerint,
694 3295 814 3360 habere
836 3296 1015 3380 poterimus
1038 3295 1162 3360 victum

221 3577 256 3624 20
275 3590 327 3640 que
346 3573 465 3628 deestis
483 3575 559 3629 codd.
