2552 4048
452 243 788 324 -61-“

54 419 204 486 graecum
239 399 408 483 volumen,
441 399 527 485 quod
563 401 694 486 quidam
725 401 764 465 de
798 402 925 485 syriaca
956 403 1070 487 lingua
1119 461 1123 468 .

55 491 205 568 verterat,
236 490 271 553 et
300 509 434 554 acumen
463 489 650 554 sublimis
640 489 765 576 mgenii
788 490 886 554 etiam
908 490 943 553 in
965 493 1070 554 trans·

54 576 172 642 latione
197 575 347 660 cognovi

137 663 292 730 Decessit
314 664 374 729 sub
397 663 536 730 Valente
503 663 716 750 tprinoipe.

441 863 523 954 Cup.
556 862 691 935 CXVI.
1091 883 1107 931 5

139 998 294 1078 Basilius,
307 997 484 1065 Caesareae
498 999 732 1085 Cappadociae,
746 1021 827 1084 qnae
841 1001 931 1084 prius
940 999 1073 1067 Mazaca

56 1088 245 1171 vocabatur,
286 1087 471 1172 episeopus,
512 1089 661 1174 egregios
702 1087 828 1154 ³oontra
863 1088 1072 1155 Eunomium'

58 1175 235 1242 elaboravit
262 1175 441 1259 libros,et
426 1174 515 1242 t‘de
539 1176 663 1261 Spiritu
695 1175 820 1242 sanoto'
843 1178 1009 1286 volumen,
1041 1182 1074 1243 et

57 1264 98 1329 ‘in
130 1263 372 1330 hexaemerum'
401 1263 552 1331 homilias
584 1287 764 1350 novem,e
747 1269 779 1330 et
811 1228 1009 1351 deaurando,
1041 1270 1073 1331 et

57 1353 166 1418 breves
189 1353 362 1437 variosque
384 1355 552 1420 tractatus.
1095 1372 1127 1419 10

142 1439 284 1508 Moritur
306 1442 485 1525 imperante
509 1441 677 1509 Gratiano.

428 1640 510 1730 ιιι.
544 1640 703 1713 oxum

142 1773 335 1862 Gregorius,
366 1773 589 1842 Nazianzenus
622 1779 806 1863 episeopus,
841 1779 892 1843 vir
924 1779 1074 1862 eloquen-

59 1865 213 1949 tissimus,
231 1867 422 1948 praeceptor
440 1886 532 1930 meus
551 1870 666 1951 atquo
684 1867 860 1950 scripturas
879 1866 1074 1950 explanante

60 1954 166 2037 didici,
198 1953 241 2018 ad
268 1953 408 2038 triginta
436 1954 528 2019 milia
559 1975 711 2020 versuum
742 1956 853 2020 omnia
886 1974 984 2036 opera
1016 1975 1075 2018 sua
1095 1969 1128 2018 15

59 2041 254 2158 composuit3
282 2063 299 2105 e
323 2043 440 2127 quibus
463 2041 522 2107 illa
545 2046 636 2107 sunt.
628 2067 636 2082 ·
606 2042 710 2107 t³de
733 2045 837 2108 morte
860 2041 970 2107 fratris
996 2038 1074 2106 an-

61 2129 143 2195 sarii'
145 2092 448 2214 ,³rcaplrpalouraxi
445 2130 508 2214 ις’,
518 2128 941 2213 l,audesMaohabaeorum'
950 2129 1075 2195 ³laudes

61 2181 242 2302 Cypriani',
273 2217 396 2284 ³laudes
423 2219 622 2304 Athanasii’,
651 2218 774 2284 ‘laudes
807 2180 942 2284 Maximi
969 2216 1075 2302 philo-

62 2306 163 2392 sophi'
181 2310 260 2392 post
282 2307 414 2373 exilium
432 2308 561 2392 reversi,
580 2270 675 2393 qriem
693 2308 777 2372 falso
795 2307 926 2372 nomine
944 2306 1075 2391 quidam

60 2393 190 2461 Herona
214 2396 522 2481 superscripserunt,
551 2398 627 2482 quia
650 2399 701 2462 est
723 2399 757 2461 et
779 2396 862 2462 alius
889 2395 971 2460 liber
994 2395 1075 2460 vitu·
1096 2413 1130 2460 ao

60 2484 262 2568 perationem
289 2484 433 2549 eiusdem
456 2484 592 2550 Maximi
615 2485 801 2571 continens,
832 2483 926 2570 quasi
948 2505 1016 2549 non
1039 2484 1076 2548 li-

61 2573 160 2637 onerit
184 2572 379 2642 eundernet
408 2573 539 2638 laudare
567 2577 601 2638 et
623 2575 656 2639 vi
656 2577 806 2676 ’superare
834 2595 893 2657 pro
923 2575 1078 2656 tempore,

60 2660 207 2726 utliber
238 2659 427 2726 hexametro
455 2683 550 2726 versu
576 2661 768 2748 Virginitat
760 2684 788 2726 rs
820 2665 853 2726 et
881 2659 1078 2744 Nuptiarum

59 2751 172 2814 eontra
210 2771 244 2813 se
277 2749 519 2832 disserentium
556 2749 721 2816 ‘adversus
753 2745 964 2814 Eunomium'
1003 2748 1078 2812 libri

60 2837 134 2921 duo,
160 2835 212 2902 ³de
237 2834 360 2921 Spiritu
384 2835 517 2903 Sanoto'
540 2838 622 2903 liber
644 2861 738 2921 unus,
766 2836 893 2902 o³0ntra
915 2835 1077 2901 Iulianum
1098 2853 1131 2901 ιι

60 2926 200 3010 imperat
201 2924 303 2990 orem’
333 2925 416 2990 liber
443 2947 534 2991 unus.
588 2925 723 2993 Secutus
762 2929 813 2990 est
845 2927 953 2989 autem
985 2923 1079 2990 Pole-

59 3013 165 3078 monis
189 3013 377 3079 indicendo
400 3013 596 3099 charactera,
618 3015 757 3099 vivoque
781 3035 816 3079 se
835 3013 1022 3097 episcopum
1045 3013 1079 3077 in

59 3103 129 3167 loeo
149 3123 211 3183 suo
231 3101 384 3168 ordinans
400 3103 467 3167 ruri
481 3103 582 3168 vitam
601 3103 752 3169 monaehi
771 3102 913 3168 exercuit
927 3101 1078 3168 decessit-

60 3212 119 3274 que
148 3193 227 3255 ante
249 3190 312 3256 hoo
333 3191 401 3256 fere
427 3191 604 3256 triennium
628 3192 687 3257 sub
712 3190 896 3327 Theodosio
925 3191 1077 3275 principe.

131 3369 167 3418 14
184 3364 284 3419 Bamb.
303 3381 322 3420 a
343 3381 399 3434 quo
417 3365 499 3420 Bern
519 3366 548 3420 et
565 3365 706 3422 Norimb.·
731 3381 766 3420 ex
784 3381 840 3435 quo
859 3363 1011 3432 scripturas
1028 3359 1080 3414 illo

61 3441 93 3490 16
107 3435 255 3491 Norimb.·
268 3383 363 3490 sauri
377 3436 435 3490 mei
448 3434 572 3490 Caesarii
631 3443 666 3492 20
679 3436 757 3491 Vat:
773 3441 827 3504 Ιρω
829 3453 866 3489 ια
920 3438 954 3486 26
968 3431 1079 3486 Bamb..

59 3505 248 3562 Palamomon
266 3505 378 3562 dicendi
395 3507 537 3561 ιιιιιιιιθ
616 3511 650 3560 29
669 3506 767 3560 Bamb.
787 3507 816 3558 et
834 3501 977 3558 Norimb..
967 3501 1080 3556 ·ferma
