2552 4048
80 381 217 466 stitatc',
242 382 427 448 ‘adversum
449 380 585 468 gontes',
609 381 659 448 ‘dc
682 383 922 450 comtructione
944 383 1096 452 taberna

80 469 165 554 culi’,
193 469 246 536 ‘de
265 471 413 556 gentium
431 469 694 550 conuersatione',
718 469 769 538 ‘de
786 491 889 556 regno
903 471 1098 558 Persarum',

81 559 130 625 ‘de
153 559 385 643 persecutione
406 557 691 626 Christianorum’.
736 557 928 644 Composuit
950 563 983 626 ct
1005 560 1099 626 chro-

81 649 178 714 nicon
200 648 338 714 minoris
357 647 486 732 quidem
501 646 698 714 Graecorum
717 648 930 728 curiositatis,
951 647 1007 714 sad
1029 671 1098 718 ma·

80 737 158 802 ioris
192 737 344 820 fiduciae,
377 735 453 820 quia
486 735 668 803 divinarum
701 737 936 820 scripturarum
967 739 1097 804 tantum
1134 752 1152 801 5

16 819 18 914 ζ
81 825 278 891 auctoritate
315 827 537 892 constructum
577 825 762 908 comprimit
793 847 851 892 ora
882 845 1008 909 eorum,
1041 826 1097 910 qui

81 916 353 998 praesumptuosa
380 913 564 997 suspicione
590 912 630 978 de
662 913 805 981 adventu
833 913 1018 979 antichristi
1045 914 1098 979 vel

79 1001 215 1068 Domini
236 1001 343 1068 nostri
364 1001 505 1068 inaniter
527 1000 808 1085 philosophantis.

167 1089 311 1156 Moritur
341 1089 394 1156 hic
429 1090 466 1154 in
492 1087 677 1154 Constantii
705 1089 908 1174 temporibus
940 1093 975 1156 et
1004 1091 1096 1158 iuxta

79 1182 292 1264 praeceptum
316 1179 420 1263 patris
448 1178 516 1242 eius
548 1175 757 1245 Constantini
785 1179 874 1244 intra
902 1201 1012 1246 muros
1035 1179 1095 1246 Ni·
1116 1196 1149 1245 10

79 1267 148 1332 sibe
180 1267 336 1350 sepelitur
363 1267 405 1332 ob
434 1266 615 1332 custodiam
643 1265 794 1332 videlicet
821 1267 977 1352 civitatis,
1010 1267 1097 1352 quod

80 1355 256 1420 secundum
285 1355 382 1420 fidem
406 1353 614 1420 Constantini
637 1357 754 1420 evenit
798 1353 885 1420 Nam
911 1359 989 1439 post
1015 1357 1097 1419 mul-

79 1448 130 1508 tos
160 1465 268 1508 annos
297 1443 463 1528 ingressus
491 1443 637 1508 Iulianus
667 1442 806 1508 Nisiben
834 1446 867 1506 et
894 1443 944 1508 rel
972 1445 1097 1529 gloriae
1147 1495 1151 1499 -

81 1533 201 1616 sepulti
225 1531 374 1596 invidens
397 1532 449 1596 vel
471 1531 546 1595 fidei
560 1528 783 1612 Constantini,
806 1531 897 1596 cuius
920 1532 962 1597 ob
986 1531 1019 1596 id
1043 1531 1098 1597 do·

81 1643 170 1686 mum
203 1619 473 1704 persequebatur,
501 1619 597 1685 iussit
625 1619 732 1684 efferri
762 1618 801 1683 de
830 1619 963 1685 civitate
993 1621 1098 1686 sancti
1118 1635 1150 1684 15

78 1707 228 1793 corporis
251 1707 423 1794 reliquias3
456 1710 489 1772 et
515 1712 592 1792 post
618 1729 739 1792 paucos
768 1729 897 1774 menses
931 1710 1098 1774 consulen-

79 1797 139 1862 dae
172 1798 252 1863 licet
286 1818 385 1862 causa
415 1795 612 1882 reipublicae
643 1795 795 1862 Iovianus
827 1796 1015 1880 imperator,
1042 1797 1099 1881 qui
1170 1819 1173 1826 ·

79 1885 210 1950 Iuliano
236 1878 452 1966 successerat,
475 1883 611 1948 tradidit
632 1883 781 1948 barbaris
804 1881 984 1967 civitatem,
1016 1905 1098 1968 quae

80 1996 181 2060 usque
205 1973 303 2039 hodie
321 1973 495 2040 Persarum
518 1972 638 2038 dicioni
662 1993 735 2036 cum
754 1970 874 2036 finibus
898 1971 965 2036 suis
989 1972 1097 2038 servit

496 2153 578 2244 Cup.
608 2151 684 2222 III.
1117 2165 1151 2214 no

168 2292 286 2375 Iulius,
309 2292 399 2357 urbis
418 2290 542 2356 Romae
565 2291 743 2374 episcopus,
766 2289 897 2372 scripsit
916 2288 957 2353 ad
970 2286 1093 2373 Diony-

80 2384 165 2448 sium
183 2380 346 2466 quendam
360 2381 399 2445 de
412 2379 634 2446 incarnatione
648 2377 783 2444 Domini
797 2377 971 2461 epistulam
985 2399 1094 2463 unam,

80 2493 162 2555 quae
186 2469 244 2536 illo
269 2468 398 2554 quidem
419 2471 564 2554 tempore
581 2467 670 2532 utilis
693 2467 764 2532 visa
782 2469 832 2531 est
854 2465 1007 2532 adversus
1030 2487 1095 2550 eos,

64 2559 135 2644 ·qui
157 2559 208 2624 ita
231 2555 310 2622 duas
333 2579 391 2642 per
412 2556 671 2622 incarnationem
695 2555 884 2620 asserebant
906 2555 941 2620 in
964 2551 1094 2620 Christo
1170 2609 1174 2616 .

81 2669 249 2730 personas,
273 2646 357 2710 sicut
379 2649 412 2710 et
434 2649 577 2728 naturas,
595 2665 682 2709 nunc
697 2647 805 2710 autem
823 2643 1005 2727 perniciosa
1022 2664 1095 2726 pro·
1114 2658 1151 2707 es

82 2736 194 2802 batur:
223 2735 369 2800 fomento
393 2733 487 2798 enim'
504 2737 553 2798 est
566 2731 792 2816 Eutychianae
816 2735 849 2796 ct
863 2730 1097 2796 Timotheanae

82 2823 271 2909 impietatis.

509 2949 590 3040 Cup.
620 2949 674 3019 ΙΙ.

173 3088 338 3154 Paulonas
360 3088 539 3172 presbyter,
563 3085 739 3170 discipulus
762 3084 851 3149 beati
865 3083 1009 3168 Ephrem
1033 3084 1154 3162 dia-„w

85 3178 175 3262 coni,
197 3177 297 3244 homo
321 3176 403 3241 acris
426 3175 520 3241 valde
542 3174 667 3262 ingenii
691 3176 724 3240 et
741 3173 776 3238 in
795 3173 911 3239 divinis
931 3173 1099 3257 scripturis
1118 3189 1152 3237 30

155 3357 171 3406 8
189 3350 245 3405 hoc
258 3307 320 3404 lbco
335 3349 438 3406 desinit
452 3349 560 3418 caputl
577 3348 607 3402 in
621 3347 759 3405 Vaticano
797 3353 831 3402 10
841 3328 982 3402 Norint:
1002 3343 1082 3398 iuxta

85 3421 194 3477 Bamb.:
216 3419 350 3486 Nisibem
368 3419 507 3476 Norimb.:
526 3418 660 3474 Nizibeue
761 3423 794 3474 19
812 3415 953 3472 Norimb.:
973 3412 1100 3469 subiecta

84 3491 171 3546 servit
238 3494 273 3547 26
291 3491 390 3546 Bamb.
410 3493 439 3546 ct
451 3489 591 3546 Norimb.:
610 3489 766 3546 fomentum
