2546 4036
568 271 610 284 ..
656 237 701 302 42
746 272 788 284 -

173 379 238 463 qui.
260 399 357 462 super
383 377 495 444 eodem
526 378 647 462 pascha
678 377 787 444 decem
815 379 850 442 et
878 398 997 454 novem
1028 397 1201 454 annorum,
1263 337 1264 342 γ

173 467 338 550 circulmn,
359 466 469 550 idest,
492 465 867 550 ἐννεακαιδεκαετηρίὸα·
880 465 1074 550 composuit,
1098 486 1190 532 occa·

173 557 298 620 sionem
312 554 409 620 dedit.
446 553 580 640 Scripsit
592 555 765 621 nonnullos
783 555 819 618 in
836 553 1011 638 scripturas
1024 575 1189 628 commen·

171 645 287 726 tarios,
324 665 341 708 e
374 643 491 728 quibus
523 645 604 710 haec
635 643 776 728 repperi:
813 643 849 707 in
879 639 1119 727 Haxaemeron,
1155 643 1190 707 in

120 749 136 798 ὅ
174 731 336 816 ondum,
367 732 402 796 in
435 730 603 798 Canticum
632 731 852 816 Canticorum,
883 730 918 794 in
951 729 1119 815 Genesim,
1155 732 1190 796 in

173 819 375 904 Zachariam,
396 819 447 902 ,de
473 819 625 902 Psalmis,
657 821 692 884 in
719 817 865 902 Esaiam,
897 819 937 884 de
966 819 1118 902 Daniele,
1150 819 1189 884 de

173 909 383 994 Apocalypsi,
406 907 445 973 de
467 908 661 991 Proverbiis,
683 908 723 974 de
745 907 952 989 Ecclesiaste,
975 909 1015 972 de
1037 906 1126 991 Saul,
1148 908 1187 972 de

173 997 358 1082 Pytonissa,
367 997 411 1062 de
420 998 631 1079 Antichristo,
645 997 696 1062 ‘dc
710 995 966 1080 resurrectione',
980 996 1190 1061 contrahim-

174 1087 309 1169 cionem,
333 1085 383 1150 ‘de
406 1086 550 1169 pascha',
573 1086 742 1151 ‘adversus
758 1107 869 1150 omnes
888 1083 1028 1149 hereses’
1043 1089 1077 1148 et
1093 1105 1189 1168 apoc

121 1191 154 1240 10
174 1177 318 1258 ομιλίαν,
338 1172 388 1238 ‘dc
407 1175 503 1240 laude
523 1175 657 1240 Domini
677 1172 877 1256 Salvatoris',
889 1173 926 1237 in
939 1195 1003 1257 qua
1016 1177 1187 1256 praesente

174 1261 315 1348 Origene
341 1283 375 1327 se
402 1263 500 1346 loqui·
514 1264 549 1326 in
573 1263 707 1327 ecclesia
735 1262 906 1348 signifieat.
951 1260 1057 1325 Huius
1082 1281 1189 1333 aemu-

172 1350 512 1436 latione-Ambrosius,
536 1349 688 1436 qnemde
702 1349 877 1414 Marcionis
897 1349 1003 1414 heresi
1023 1349 1065 1414 ad
1079 1371 1189 1414 veram

173 1440 270 1504 fidem
302 1444 480 1505 correctum
513 1439 664 1524 diximus,
700 1438 889 1504 cohortatus
926 1441 977 1502 est
1016 1436 1189 1522 Origenem

173 1529 208 1592 in
222 1529 397 1612 scripturas
412 1529 660 1594 commentarios
675 1523 824 1606 scribere,
842 1527 999 1611 praebens
1014 1527 1045 1590 ei
1064 1528 1190 1610 septem

122 1631 155 1682 15
175 1620 208 1681 et
231 1637 268 1680 eo
288 1617 425 1698 amplius
448 1617 593 1682 notarios
612 1637 787 1700 eorumque
806 1637 962 1699 expensas
986 1619 1020 1679 et
1042 1615 1191 1680 librario·

174 1726 246 1769 rum
274 1725 385 1788 parem
407 1726 599 1788 numerum,
619 1704 768 1789 quodque
794 1704 847 1768 his
870 1704 973 1768 maius
996 1708 1058 1786 est,
1088 1705 1192 1768 incre·

175 1792 266 1874 dibili
290 1792 397 1863 studio
421 1793 553 1858 cottidie
572 1793 613 1858 ab
637 1814 675 1858 eo
699 1815 780 1877 opus
799 1793 940 1878 exigens.
982 1791 1078 1858 Unde
1098 1795 1136 1857 et
1159 1794 1194 1856 in

175 1881 315 1966 quadam
338 1882 477 1965 epistula
500 1881 725 1968 ἐργοὸιώκτην
741 1903 816 1946 eum
840 1879 997 1966 Origenes
1020 1884 1130 1946 vocat.

565 2063 647 2154 sap.
676 2061 806 2135 nnn.

121 2206 155 2255 20
263 2197 457 2283 Alexander,
480 2200 649 2283 episcopus
673 2197 910 2282 Cappadociae,
933 2219 1006 2263 cum
1027 2197 1194 2264 desiderio

175 2291 360 2354 sanctorum
375 2289 518 2352 locorum
528 2287 790 2370 Hierosolymam
800 2289 949 2372 pergeret
963 2290 996 2350 et
1009 2285 1196 2370 Narcissus,

175 2375 513 2458 episcopuseiusdem
534 2376 627 2440 urbis
648 2375 714 2440 iam
739 2397 836 2440 senex
859 2379 987 2460 regeret
1002 2374 1196 2458 ecclesiam,

175 2467 208 2527 et
235 2461 390 2529 Narcisso
416 2466 448 2528 et
476 2463 586 2528 multis
614 2463 803 2530 clericorum
831 2463 898 2528 eius
926 2464 1106 2528 revelatum
1137 2469 1197 2547 est,

178 2551 281 2614 altera
304 2550 355 2614 die
373 2573 469 2616 mane
491 2553 613 2616 intrare
632 2553 828 2636 episcopum,
850 2552 907 2636 qui
930 2552 1066 2640 adiutor·
1082 2553 1196 2618 cathe

123 2646 158 2697 25
177 2639 252 2704 drae
272 2637 569 2706 sacerdotalis'esse
593 2639 730 2706 deberet.
771 2640 886 2724 Itaque
904 2662 938 2704 re
961 2640 1008 2704 ita
1031 2642 1196 2725 completa

175 2731 213 2792 nt
239 2727 403 2812 praedicta
430 2727 549 2811 fuerat,
580 2731 705 2794 cunctis
733 2728 939 2794 Palaestinae
967 2729 1131 2812 episcopis
1160 2731 1195 2794 in

178 2839 278 2883 unum
301 2818 517 2904 congregatis,
540 2819 708 2885 annitente
731 2819 803 2902 ipso
827 2838 952 2902 quoque
975 2817 1027 2882 vel
1050 2818 1193 2885 maxime

175 2903 346 2989 Narcisso,
376 2903 693 2990 Hierosolymitanae
722 2905 875 2972 ecclesiae
907 2927 981 2970 cum
1009 2927 1048 2970 eo
1077 2907 1195 2992 guber·

176 2993 326 3061 naculum
359 2996 508 3078 suscepit.
563 2995 626 3060 Hic
658 2996 693 3064 in
729 2994 791 3058 fine
823 2992 990 3059 cuiusdam
1024 2993 1195 3077 epistulae,

122 3092 157 3142 ao
176 3081 693 3234 ihffiaicihhstnihiisnfim)stis
722 3103 924 3236 sheperepliihe
935 3082 1118 3236 teplcletsiae,
1137 3083 1197 3236 agit:

294 3229 295 3232 ,
544 3193 581 3234 us
636 3193 734 3234 man
791 3193 823 3234 m
952 3193 1194 3237 emerso-

175 3256 282 3341 palem
302 3255 408 3320 locum
427 3259 460 3321 et
482 3279 567 3322 nunc
581 3192 708 3324 inicum
722 3257 859 3322 eundem
878 3193 1198 3346 orationibuspregit,

250 3419 264 3468 r
284 3413 334 3470 ns
354 3414 383 3466 a
456 3417 487 3465 11
503 3410 601 3468 sama.
621 3415 650 3469 a
667 3413 806 3469 scama:
825 3413 855 3468 in
871 3373 956 3470 nais
975 3415 1200 3474 amuauonem

177 3487 212 3536 30
231 3481 308 3538 Vat:
328 3481 501 3549 Antionitas3
520 3482 627 3540 bamba
647 3483 849 3540 Antiochenses
