<?xml version="1.0" encoding="UTF-8"?>
<!DOCTYPE html PUBLIC "-//W3C//DTD XHTML 1.0 Transitional//EN"
    "http://www.w3.org/TR/xhtml1/DTD/xhtml1-transitional.dtd">
<html xmlns="http://www.w3.org/1999/xhtml" xml:lang="en" lang="en">
 <head>
  <title>
</title>
<meta http-equiv="Content-Type" content="text/html;charset=utf-8" />
  <meta name='ocr-system' content='tesseract 3.04.00' />
  <meta name='ocr-capabilities' content='ocr_page ocr_carea ocr_par ocr_line ocrx_word'/>
</head>
<body>
  <div class='ocr_page' id='page_1' title='image "./devirisinlustri00herdgoog_0201.png"; bbox 0 0 2552 4048; ppageno 0'>
   <div class='ocr_carea' id='block_1_1' title="bbox 517 251 734 318">
    <p class='ocr_par' dir='ltr' id='par_1_1' title="bbox 517 251 734 318">
     <span class='ocr_line' id='line_1_1' title="bbox 517 251 734 318; baseline -0.016 1.391"><span class='ocrx_word' id='word_1_1' title='bbox 517 251 734 318; x_wconf 84' lang='lat'>-29-</span> 
     </span>
    </p>
   </div>
   <div class='ocr_carea' id='block_1_2' title="bbox 0 408 1192 3146">
    <p class='ocr_par' dir='ltr' id='par_1_2' title="bbox 0 408 1192 3146">
     <span class='ocr_line' id='line_1_2' title="bbox 119 408 1134 494; baseline 0.004 -22"><span class='ocrx_word' id='word_1_2' title='bbox 119 408 316 494; x_wconf 75' lang='lat' dir='ltr'>imperatore</span> <span class='ocrx_word' id='word_1_3' title='bbox 340 431 357 474; x_wconf 91' lang='lat' dir='ltr'>e</span> <span class='ocrx_word' id='word_1_4' title='bbox 381 409 557 476; x_wconf 85' lang='lat' dir='ltr'>converso&#39;.</span> <span class='ocrx_word' id='word_1_5' title='bbox 594 409 687 487; x_wconf 80' lang='lat' dir='ltr'>Quod</span> <span class='ocrx_word' id='word_1_6' title='bbox 710 409 841 476; x_wconf 86' lang='lat' dir='ltr'>audient</span> <span class='ocrx_word' id='word_1_7' title='bbox 826 413 876 475; x_wconf 86' lang='lat' dir='ltr'>tes</span> <span class='ocrx_word' id='word_1_8' title='bbox 899 411 1077 494; x_wconf 91' lang='lat' dir='ltr'>imperator</span> <span class='ocrx_word' id='word_1_9' title='bbox 1100 415 1134 476; x_wconf 91' lang='lat' dir='ltr'>et</span> 
     </span>
     <span class='ocr_line' id='line_1_3' title="bbox 117 496 1134 601; baseline 0.002 -39"><span class='ocrx_word' id='word_1_10' title='bbox 117 497 310 580; x_wconf 73' lang='lat' dir='ltr'>imperatrix</span> <span class='ocrx_word' id='word_1_11' title='bbox 337 496 535 564; x_wconf 80' lang='lat' dir='ltr'>Graecorum</span> <span class='ocrx_word' id='word_1_12' title='bbox 564 520 637 564; x_wconf 90' lang='lat' dir='ltr'>cum</span> <span class='ocrx_word' id='word_1_13' title='bbox 669 499 788 583; x_wconf 80' lang='lat' dir='ltr'>gaudio</span> <span class='ocrx_word' id='word_1_14' title='bbox 821 499 1057 601; x_wconf 82' lang='lat' dir='ltr'>respondeumt</span> <span class='ocrx_word' id='word_1_15' title='bbox 1042 499 1134 564; x_wconf 90' lang='lat' dir='ltr'>tdi·</span> 
     </span>
     <span class='ocr_line' id='line_1_4' title="bbox 118 584 1134 672; baseline 0.002 -22"><span class='ocrx_word' id='word_1_16' title='bbox 118 589 240 650; x_wconf 77' lang='lat' dir='ltr'>centes.</span> <span class='ocrx_word' id='word_1_17' title='bbox 259 584 381 652; x_wconf 77' lang='lat' dir='ltr'>‘t&#39;Para</span> <span class='ocrx_word' id='word_1_18' title='bbox 355 590 383 652; x_wconf 87' lang='lat' dir='ltr'>tr</span> <span class='ocrx_word' id='word_1_19' title='bbox 402 609 513 654; x_wconf 92' lang='lat' dir='ltr'>sumus</span> <span class='ocrx_word' id='word_1_20' title='bbox 531 587 671 672; x_wconf 86' lang='lat' dir='ltr'>mittere,</span> <span class='ocrx_word' id='word_1_21' title='bbox 688 587 794 652; x_wconf 90' lang='lat' dir='ltr'>facere</span> <span class='ocrx_word' id='word_1_22' title='bbox 809 590 842 652; x_wconf 87' lang='lat' dir='ltr'>et</span> <span class='ocrx_word' id='word_1_23' title='bbox 855 588 997 672; x_wconf 91' lang='lat' dir='ltr'>recipere</span> <span class='ocrx_word' id='word_1_24' title='bbox 1016 588 1134 671; x_wconf 90' lang='lat' dir='ltr'>omnia,</span> 
     </span>
     <span class='ocr_line' id='line_1_5' title="bbox 118 675 1135 760; baseline 0.003 -23"><span class='ocrx_word' id='word_1_25' title='bbox 118 695 200 758; x_wconf 90' lang='lat' dir='ltr'>quae</span> <span class='ocrx_word' id='word_1_26' title='bbox 228 675 419 758; x_wconf 87' lang='lat' dir='ltr'>imperatori</span> <span class='ocrx_word' id='word_1_27' title='bbox 441 675 665 742; x_wconf 87' lang='lat' dir='ltr'>Romanorum</span> <span class='ocrx_word' id='word_1_28' title='bbox 690 675 884 760; x_wconf 77' lang='lat' dir='ltr'>placente</span> <span class='ocrx_word' id='word_1_29' title='bbox 850 697 991 759; x_wconf 88' lang='lat' dir='ltr'>equae</span> <span class='ocrx_word' id='word_1_30' title='bbox 1015 697 1073 742; x_wconf 85' lang='lat' dir='ltr'>vos</span> <span class='ocrx_word' id='word_1_31' title='bbox 1096 696 1135 740; x_wconf 85' lang='lat' dir='ltr'>ex</span> 
     </span>
     <span class='ocr_line' id='line_1_6' title="bbox 90 763 1134 847; baseline 0.002 -21"><span class='ocrx_word' id='word_1_32' title='bbox 90 766 210 847; x_wconf 79' lang='lat' dir='ltr'>operte</span> <span class='ocrx_word' id='word_1_33' title='bbox 228 763 331 846; x_wconf 78' lang='lat' dir='ltr'>ipsius</span> <span class='ocrx_word' id='word_1_34' title='bbox 347 763 532 847; x_wconf 67' lang='lat' dir='ltr'>petivistis?</span> <span class='ocrx_word' id='word_1_35' title='bbox 559 765 604 830; x_wconf 81' lang='lat' dir='ltr'>nt</span> <span class='ocrx_word' id='word_1_36' title='bbox 617 764 743 829; x_wconf 81' lang='lat' dir='ltr'>vocatis</span> <span class='ocrx_word' id='word_1_37' title='bbox 758 764 848 828; x_wconf 86' lang='lat' dir='ltr'>adse</span> <span class='ocrx_word' id='word_1_38' title='bbox 865 763 992 829; x_wconf 88' lang='lat' dir='ltr'>duobus</span> <span class='ocrx_word' id='word_1_39' title='bbox 1006 764 1134 830; x_wconf 88' lang='lat' dir='ltr'>baroni-</span> 
     </span>
     <span class='ocr_line' id='line_1_7' title="bbox 116 851 1134 938; baseline 0.001 -22"><span class='ocrx_word' id='word_1_40' title='bbox 116 852 178 918; x_wconf 85' lang='lat' dir='ltr'>bus</span> <span class='ocrx_word' id='word_1_41' title='bbox 191 851 358 917; x_wconf 90' lang='lat' dir='ltr'>nobilibus</span> <span class='ocrx_word' id='word_1_42' title='bbox 373 856 406 916; x_wconf 90' lang='lat' dir='ltr'>et</span> <span class='ocrx_word' id='word_1_43' title='bbox 420 854 470 918; x_wconf 89' lang='lat' dir='ltr'>sui</span> <span class='ocrx_word' id='word_1_44' title='bbox 488 853 618 936; x_wconf 85' lang='lat' dir='ltr'>imperii</span> <span class='ocrx_word' id='word_1_45' title='bbox 635 852 838 938; x_wconf 78' lang='lat' dir='ltr'>dignioribus</span> <span class='ocrx_word' id='word_1_46' title='bbox 853 852 1031 937; x_wconf 88' lang='lat' dir='ltr'>imperator</span> <span class='ocrx_word' id='word_1_47' title='bbox 1045 853 1134 937; x_wconf 88' lang='lat' dir='ltr'>ipsos</span> 
     </span>
     <span class='ocr_line' id='line_1_8' title="bbox 117 939 1134 1008; baseline 0 -4"><span class='ocrx_word' id='word_1_48' title='bbox 117 939 160 1004; x_wconf 88' lang='lat' dir='ltr'>ad</span> <span class='ocrx_word' id='word_1_49' title='bbox 186 941 301 1005; x_wconf 90' lang='lat' dir='ltr'>urbem</span> <span class='ocrx_word' id='word_1_50' title='bbox 326 940 467 1007; x_wconf 81' lang='lat' dir='ltr'><strong>Romam</strong></span> <span class='ocrx_word' id='word_1_51' title='bbox 495 942 535 1006; x_wconf 90' lang='lat' dir='ltr'>ad</span> <span class='ocrx_word' id='word_1_52' title='bbox 562 940 852 1008; x_wconf 90' lang='lat' dir='ltr'>consummandum</span> <span class='ocrx_word' id='word_1_53' title='bbox 880 941 990 1006; x_wconf 90' lang='lat' dir='ltr'>omnia</span> <span class='ocrx_word' id='word_1_54' title='bbox 1014 945 1047 1006; x_wconf 89' lang='lat' dir='ltr'>et</span> <span class='ocrx_word' id='word_1_55' title='bbox 1070 941 1134 1006; x_wconf 92' lang='lat' dir='ltr'>sin·</span> 
     </span>
     <span class='ocr_line' id='line_1_9' title="bbox 117 1027 1133 1114; baseline 0.002 -22"><span class='ocrx_word' id='word_1_56' title='bbox 117 1027 197 1114; x_wconf 82' lang='lat' dir='ltr'>gula</span> <span class='ocrx_word' id='word_1_57' title='bbox 218 1029 399 1112; x_wconf 88' lang='lat' dir='ltr'>praemissa</span> <span class='ocrx_word' id='word_1_58' title='bbox 423 1029 660 1096; x_wconf 88' lang='lat' dir='ltr'>ambasiatores</span> <span class='ocrx_word' id='word_1_59' title='bbox 683 1050 837 1095; x_wconf 88' lang='lat' dir='ltr'>concesso</span> <span class='ocrx_word' id='word_1_60' title='bbox 862 1029 903 1094; x_wconf 88' lang='lat' dir='ltr'>iis</span> <span class='ocrx_word' id='word_1_61' title='bbox 925 1051 986 1113; x_wconf 89' lang='lat' dir='ltr'>per</span> <span class='ocrx_word' id='word_1_62' title='bbox 1006 1029 1133 1094; x_wconf 89' lang='lat' dir='ltr'>litteras</span> 
     </span>
     <span class='ocr_line' id='line_1_10' title="bbox 119 1116 1134 1202; baseline 0.001 -21"><span class='ocrx_word' id='word_1_63' title='bbox 119 1138 193 1182; x_wconf 91' lang='lat' dir='ltr'>suas</span> <span class='ocrx_word' id='word_1_64' title='bbox 222 1116 399 1184; x_wconf 87' lang='lat' dir='ltr'>sufficienti</span> <span class='ocrx_word' id='word_1_65' title='bbox 426 1119 578 1184; x_wconf 87' lang='lat' dir='ltr'>mandato</span> <span class='ocrx_word' id='word_1_66' title='bbox 607 1119 784 1202; x_wconf 82' lang='lat' dir='ltr'>deputavit.</span> <span class='ocrx_word' id='word_1_67' title='bbox 826 1117 888 1195; x_wconf 81' lang='lat' dir='ltr'>oui</span> <span class='ocrx_word' id='word_1_68' title='bbox 915 1118 1044 1202; x_wconf 90' lang='lat' dir='ltr'>quidem</span> <span class='ocrx_word' id='word_1_69' title='bbox 1067 1139 1134 1182; x_wconf 90' lang='lat' dir='ltr'>am·</span> 
     </span>
     <span class='ocr_line' id='line_1_11' title="bbox 77 1206 1135 1292; baseline 0 -22"><span class='ocrx_word' id='word_1_70' title='bbox 77 1222 104 1262; x_wconf 87' lang='lat'>1⁰</span> <span class='ocrx_word' id='word_1_71' title='bbox 118 1206 301 1271; x_wconf 87' lang='lat' dir='ltr'>basiatorcs</span> <span class='ocrx_word' id='word_1_72' title='bbox 320 1207 461 1291; x_wconf 89' lang='lat' dir='ltr'>acceptis</span> <span class='ocrx_word' id='word_1_73' title='bbox 480 1207 601 1272; x_wconf 91' lang='lat' dir='ltr'>litteris</span> <span class='ocrx_word' id='word_1_74' title='bbox 620 1211 654 1272; x_wconf 90' lang='lat' dir='ltr'>et</span> <span class='ocrx_word' id='word_1_75' title='bbox 667 1206 899 1291; x_wconf 79' lang='lat' dir='ltr'>procuratoriis</span> <span class='ocrx_word' id='word_1_76' title='bbox 914 1229 1011 1292; x_wconf 90' lang='lat' dir='ltr'>super</span> <span class='ocrx_word' id='word_1_77' title='bbox 1024 1207 1135 1272; x_wconf 90' lang='lat' dir='ltr'>huius·</span> 
     </span>
     <span class='ocr_line' id='line_1_12' title="bbox 118 1294 1135 1381; baseline 0 -23"><span class='ocrx_word' id='word_1_78' title='bbox 118 1294 208 1359; x_wconf 88' lang='lat' dir='ltr'>modi</span> <span class='ocrx_word' id='word_1_79' title='bbox 231 1294 390 1361; x_wconf 89' lang='lat' dir='ltr'>ordinatis</span> <span class='ocrx_word' id='word_1_80' title='bbox 414 1299 448 1360; x_wconf 93' lang='lat' dir='ltr'>et</span> <span class='ocrx_word' id='word_1_81' title='bbox 470 1295 623 1362; x_wconf 88' lang='lat' dir='ltr'>mandato</span> <span class='ocrx_word' id='word_1_82' title='bbox 643 1317 716 1361; x_wconf 91' lang='lat' dir='ltr'>cum</span> <span class='ocrx_word' id='word_1_83' title='bbox 738 1296 886 1381; x_wconf 84' lang='lat' dir='ltr'>plenaria</span> <span class='ocrx_word' id='word_1_84' title='bbox 904 1295 1135 1373; x_wconf 82' lang='lat' dir='ltr'>informatione</span> 
     </span>
     <span class='ocr_line' id='line_1_13' title="bbox 118 1382 1135 1466; baseline 0.002 -20"><span class='ocrx_word' id='word_1_85' title='bbox 118 1382 200 1466; x_wconf 92' lang='lat' dir='ltr'>ipsis</span> <span class='ocrx_word' id='word_1_86' title='bbox 232 1382 320 1448; x_wconf 91' lang='lat' dir='ltr'>facto</span> <span class='ocrx_word' id='word_1_87' title='bbox 354 1405 426 1450; x_wconf 91' lang='lat' dir='ltr'>cum</span> <span class='ocrx_word' id='word_1_88' title='bbox 458 1385 734 1450; x_wconf 84' lang='lat' dir='ltr'>ambasiatoribus</span> <span class='ocrx_word' id='word_1_89' title='bbox 766 1385 925 1449; x_wconf 86' lang='lat' dir='ltr'>Romanis</span> <span class='ocrx_word' id='word_1_90' title='bbox 955 1405 1055 1450; x_wconf 85' lang='lat' dir='ltr'>naves</span> <span class='ocrx_word' id='word_1_91' title='bbox 1087 1383 1135 1448; x_wconf 91' lang='lat' dir='ltr'>in·</span> 
     </span>
     <span class='ocr_line' id='line_1_14' title="bbox 119 1470 996 1556; baseline 0.001 -21"><span class='ocrx_word' id='word_1_92' title='bbox 119 1470 304 1556; x_wconf 82' lang='lat' dir='ltr'>gradientes</span> <span class='ocrx_word' id='word_1_93' title='bbox 328 1493 362 1536; x_wconf 90' lang='lat' dir='ltr'>se</span> <span class='ocrx_word' id='word_1_94' title='bbox 387 1472 428 1536; x_wconf 90' lang='lat' dir='ltr'>ad</span> <span class='ocrx_word' id='word_1_95' title='bbox 450 1473 564 1538; x_wconf 91' lang='lat' dir='ltr'>urbem</span> <span class='ocrx_word' id='word_1_96' title='bbox 586 1471 726 1538; x_wconf 81' lang='lat' dir='ltr'>Romam</span> <span class='ocrx_word' id='word_1_97' title='bbox 748 1471 996 1538; x_wconf 87' lang='lat' dir='ltr'>transtulerunt.</span> 
     </span>
     <span class='ocr_line' id='line_1_15' title="bbox 209 1557 1189 1646; baseline 0.004 -23"><span class='ocrx_word' id='word_1_98' title='bbox 209 1557 271 1624; x_wconf 92' lang='lat' dir='ltr'>Die</span> <span class='ocrx_word' id='word_1_99' title='bbox 290 1564 400 1625; x_wconf 90' lang='lat' dir='ltr'>autem</span> <span class='ocrx_word' id='word_1_100' title='bbox 419 1565 533 1645; x_wconf 86' lang='lat' dir='ltr'>optata</span> <span class='ocrx_word' id='word_1_101' title='bbox 551 1564 584 1627; x_wconf 90' lang='lat' dir='ltr'>et</span> <span class='ocrx_word' id='word_1_102' title='bbox 602 1583 776 1646; x_wconf 88' lang='lat' dir='ltr'>prosperos</span> <span class='ocrx_word' id='word_1_103' title='bbox 799 1561 949 1626; x_wconf 84' lang='lat' dir='ltr'>fortunae</span> <span class='ocrx_word' id='word_1_104' title='bbox 970 1582 1136 1626; x_wconf 89' lang='lat' dir='ltr'>successus</span> <span class='ocrx_word' id='word_1_105' title='bbox 1145 1562 1189 1628; x_wconf 83' lang='lat'>46</span> 
     </span>
     <span class='ocr_line' id='line_1_16' title="bbox 80 1647 1138 1735; baseline 0.001 -23"><span class='ocrx_word' id='word_1_106' title='bbox 80 1663 107 1704; x_wconf 77' lang='lat'>15</span> <span class='ocrx_word' id='word_1_107' title='bbox 122 1647 276 1713; x_wconf 83' lang='lat' dir='ltr'>offerente</span> <span class='ocrx_word' id='word_1_108' title='bbox 291 1648 332 1714; x_wconf 89' lang='lat' dir='ltr'>ad</span> <span class='ocrx_word' id='word_1_109' title='bbox 346 1649 459 1714; x_wconf 91' lang='lat' dir='ltr'>urbem</span> <span class='ocrx_word' id='word_1_110' title='bbox 473 1649 612 1716; x_wconf 88' lang='lat' dir='ltr'>Romam</span> <span class='ocrx_word' id='word_1_111' title='bbox 631 1649 772 1716; x_wconf 87' lang='lat' dir='ltr'>feliciter</span> <span class='ocrx_word' id='word_1_112' title='bbox 789 1654 1015 1735; x_wconf 84' lang='lat' dir='ltr'>pervenerunt.</span> <span class='ocrx_word' id='word_1_113' title='bbox 1044 1647 1138 1726; x_wconf 81' lang='lat' dir='ltr'>Quod</span> 
     </span>
     <span class='ocr_line' id='line_1_17' title="bbox 120 1735 1137 1822; baseline -0.005 -16"><span class='ocrx_word' id='word_1_114' title='bbox 120 1758 195 1806; x_wconf 84' lang='lat' dir='ltr'>cum</span> <span class='ocrx_word' id='word_1_115' title='bbox 217 1735 408 1820; x_wconf 90' lang='lat' dir='ltr'>imperatori</span> <span class='ocrx_word' id='word_1_116' title='bbox 426 1736 619 1805; x_wconf 85' lang='lat' dir='ltr'>Constantio</span> <span class='ocrx_word' id='word_1_117' title='bbox 642 1738 864 1822; x_wconf 86' lang='lat' dir='ltr'>nuntiaretur,</span> <span class='ocrx_word' id='word_1_118' title='bbox 886 1737 1038 1804; x_wconf 88' lang='lat' dir='ltr'>lacrimas</span> <span class='ocrx_word' id='word_1_119' title='bbox 1059 1758 1137 1821; x_wconf 90' lang='lat' dir='ltr'>prae</span> 
     </span>
     <span class='ocr_line' id='line_1_18' title="bbox 120 1824 1139 1910; baseline 0 -20"><span class='ocrx_word' id='word_1_120' title='bbox 120 1824 239 1908; x_wconf 82' lang='lat' dir='ltr'>gaudio</span> <span class='ocrx_word' id='word_1_121' title='bbox 264 1825 430 1890; x_wconf 87' lang='lat' dir='ltr'>continere</span> <span class='ocrx_word' id='word_1_122' title='bbox 448 1848 517 1891; x_wconf 92' lang='lat' dir='ltr'>non</span> <span class='ocrx_word' id='word_1_123' title='bbox 539 1827 651 1892; x_wconf 86' lang='lat' dir='ltr'>valens</span> <span class='ocrx_word' id='word_1_124' title='bbox 675 1827 785 1892; x_wconf 89' lang='lat' dir='ltr'>omnia</span> <span class='ocrx_word' id='word_1_125' title='bbox 808 1847 889 1910; x_wconf 86' lang='lat' dir='ltr'>quae</span> <span class='ocrx_word' id='word_1_126' title='bbox 913 1825 954 1890; x_wconf 86' lang='lat' dir='ltr'>ad</span> <span class='ocrx_word' id='word_1_127' title='bbox 981 1825 1139 1891; x_wconf 90' lang='lat' dir='ltr'>solacium</span> 
     </span>
     <span class='ocr_line' id='line_1_19' title="bbox 119 1913 1139 1980; baseline 0 -2"><span class='ocrx_word' id='word_1_128' title='bbox 119 1913 217 1978; x_wconf 89' lang='lat' dir='ltr'>huius</span> <span class='ocrx_word' id='word_1_129' title='bbox 236 1913 357 1980; x_wconf 87' lang='lat' dir='ltr'>saeculi</span> <span class='ocrx_word' id='word_1_130' title='bbox 375 1914 480 1980; x_wconf 86' lang='lat' dir='ltr'>facere</span> <span class='ocrx_word' id='word_1_131' title='bbox 498 1914 649 1980; x_wconf 83' lang='lat' dir='ltr'>uidentur</span> <span class='ocrx_word' id='word_1_132' title='bbox 669 1914 710 1980; x_wconf 91' lang='lat' dir='ltr'>ad</span> <span class='ocrx_word' id='word_1_133' title='bbox 732 1914 890 1980; x_wconf 88' lang='lat' dir='ltr'>honorem</span> <span class='ocrx_word' id='word_1_134' title='bbox 912 1919 946 1979; x_wconf 94' lang='lat' dir='ltr'>et</span> <span class='ocrx_word' id='word_1_135' title='bbox 964 1913 1139 1980; x_wconf 90' lang='lat' dir='ltr'>iucundum</span> 
     </span>
     <span class='ocr_line' id='line_1_20' title="bbox 122 2001 1139 2086; baseline 0.001 -21"><span class='ocrx_word' id='word_1_136' title='bbox 122 2002 297 2068; x_wconf 86' lang='lat' dir='ltr'>aduentum</span> <span class='ocrx_word' id='word_1_137' title='bbox 320 2001 436 2070; x_wconf 86' lang='lat' dir='ltr'>talium</span> <span class='ocrx_word' id='word_1_138' title='bbox 454 2003 641 2068; x_wconf 87' lang='lat' dir='ltr'>nuntiorum</span> <span class='ocrx_word' id='word_1_139' title='bbox 661 2002 850 2086; x_wconf 87' lang='lat' dir='ltr'>praeparari</span> <span class='ocrx_word' id='word_1_140' title='bbox 867 2023 944 2067; x_wconf 87' lang='lat' dir='ltr'>mox</span> <span class='ocrx_word' id='word_1_141' title='bbox 963 2001 1139 2068; x_wconf 87' lang='lat' dir='ltr'>mandavit.</span> 
     </span>
     <span class='ocr_line' id='line_1_21' title="bbox 81 2089 1139 2176; baseline 0 -22"><span class='ocrx_word' id='word_1_142' title='bbox 81 2107 108 2148; x_wconf 82' lang='lat'>2⁰</span> <span class='ocrx_word' id='word_1_143' title='bbox 123 2089 246 2167; x_wconf 84' lang='lat' dir='ltr'>Quibus</span> <span class='ocrx_word' id='word_1_144' title='bbox 266 2091 415 2157; x_wconf 89' lang='lat' dir='ltr'>omnibus</span> <span class='ocrx_word' id='word_1_145' title='bbox 434 2092 526 2156; x_wconf 85' lang='lat' dir='ltr'>iuxta</span> <span class='ocrx_word' id='word_1_146' title='bbox 544 2091 713 2176; x_wconf 89' lang='lat' dir='ltr'>imperiale</span> <span class='ocrx_word' id='word_1_147' title='bbox 727 2090 917 2156; x_wconf 87' lang='lat' dir='ltr'>mandatum</span> <span class='ocrx_word' id='word_1_148' title='bbox 935 2090 1139 2174; x_wconf 88' lang='lat' dir='ltr'>praeparatis</span> 
     </span>
     <span class='ocr_line' id='line_1_22' title="bbox 122 2177 1140 2263; baseline 0 -19"><span class='ocrx_word' id='word_1_149' title='bbox 122 2177 266 2244; x_wconf 85' lang='lat' dir='ltr'>universi</span> <span class='ocrx_word' id='word_1_150' title='bbox 288 2179 414 2244; x_wconf 89' lang='lat' dir='ltr'>tribuni</span> <span class='ocrx_word' id='word_1_151' title='bbox 436 2181 562 2246; x_wconf 91' lang='lat' dir='ltr'>nobiles</span> <span class='ocrx_word' id='word_1_152' title='bbox 582 2183 615 2244; x_wconf 93' lang='lat' dir='ltr'>et</span> <span class='ocrx_word' id='word_1_153' title='bbox 633 2179 756 2244; x_wconf 88' lang='lat' dir='ltr'>milites</span> <span class='ocrx_word' id='word_1_154' title='bbox 779 2183 913 2263; x_wconf 84' lang='lat' dir='ltr'>totaque</span> <span class='ocrx_word' id='word_1_155' title='bbox 936 2177 1064 2244; x_wconf 87' lang='lat' dir='ltr'>familia</span> <span class='ocrx_word' id='word_1_156' title='bbox 1081 2179 1140 2244; x_wconf 91' lang='lat' dir='ltr'>im·</span> 
     </span>
     <span class='ocr_line' id='line_1_23' title="bbox 121 2265 1139 2352; baseline 0.004 -22"><span class='ocrx_word' id='word_1_157' title='bbox 121 2265 255 2352; x_wconf 83' lang='lat' dir='ltr'>periclis</span> <span class='ocrx_word' id='word_1_158' title='bbox 291 2268 384 2334; x_wconf 90' lang='lat' dir='ltr'>aulae</span> <span class='ocrx_word' id='word_1_159' title='bbox 411 2267 493 2352; x_wconf 88' lang='lat' dir='ltr'>ipsis</span> <span class='ocrx_word' id='word_1_160' title='bbox 523 2267 797 2334; x_wconf 84' lang='lat' dir='ltr'>ambasiatoribus</span> <span class='ocrx_word' id='word_1_161' title='bbox 827 2271 860 2332; x_wconf 86' lang='lat' dir='ltr'>et</span> <span class='ocrx_word' id='word_1_162' title='bbox 886 2267 1011 2334; x_wconf 89' lang='lat' dir='ltr'>nuntiis</span> <span class='ocrx_word' id='word_1_163' title='bbox 1039 2269 1139 2352; x_wconf 88' lang='lat' dir='ltr'>impe-</span> 
     </span>
     <span class='ocr_line' id='line_1_24' title="bbox 121 2353 1138 2441; baseline 0.003 -22"><span class='ocrx_word' id='word_1_164' title='bbox 121 2355 242 2421; x_wconf 84' lang='lat' dir='ltr'>ratoris</span> <span class='ocrx_word' id='word_1_165' title='bbox 275 2353 474 2422; x_wconf 83' lang='lat' dir='ltr'>Graecorum</span> <span class='ocrx_word' id='word_1_166' title='bbox 505 2379 604 2441; x_wconf 88' lang='lat' dir='ltr'>supra</span> <span class='ocrx_word' id='word_1_167' title='bbox 633 2356 729 2422; x_wconf 86' lang='lat' dir='ltr'>dictis</span> <span class='ocrx_word' id='word_1_168' title='bbox 759 2378 838 2422; x_wconf 84' lang='lat' dir='ltr'>oum</span> <span class='ocrx_word' id='word_1_169' title='bbox 870 2355 960 2422; x_wconf 90' lang='lat' dir='ltr'>tubis</span> <span class='ocrx_word' id='word_1_170' title='bbox 993 2357 1138 2422; x_wconf 86' lang='lat' dir='ltr'>buccinis</span> 
     </span>
     <span class='ocr_line' id='line_1_25' title="bbox 0 2443 1139 2526; baseline 0.002 -18"><span class='ocrx_word' id='word_1_171' title='bbox 0 2468 1 2483; x_wconf 37' lang='grc' dir='ltr'><strong>ι</strong></span> <span class='ocrx_word' id='word_1_172' title='bbox 122 2443 252 2526; x_wconf 87' lang='lat' dir='ltr'>hymnis</span> <span class='ocrx_word' id='word_1_173' title='bbox 276 2447 308 2509; x_wconf 90' lang='lat' dir='ltr'>et</span> <span class='ocrx_word' id='word_1_174' title='bbox 329 2445 464 2510; x_wconf 89' lang='lat' dir='ltr'>canticis</span> <span class='ocrx_word' id='word_1_175' title='bbox 483 2451 516 2511; x_wconf 88' lang='lat' dir='ltr'>ct</span> <span class='ocrx_word' id='word_1_176' title='bbox 534 2445 694 2512; x_wconf 87' lang='lat' dir='ltr'>universis</span> <span class='ocrx_word' id='word_1_177' title='bbox 712 2443 924 2510; x_wconf 87' lang='lat' dir='ltr'>musicalibus</span> <span class='ocrx_word' id='word_1_178' title='bbox 943 2444 1139 2510; x_wconf 90' lang='lat' dir='ltr'>instrumen-</span> 
     </span>
     <span class='ocr_line' id='line_1_26' title="bbox 84 2532 1140 2618; baseline 0.008 -28"><span class='ocrx_word' id='word_1_179' title='bbox 84 2549 110 2590; x_wconf 79' lang='grc' dir='ltr'>ιι</span> <span class='ocrx_word' id='word_1_180' title='bbox 124 2532 168 2596; x_wconf 85' lang='lat' dir='ltr'>tis</span> <span class='ocrx_word' id='word_1_181' title='bbox 188 2536 224 2597; x_wconf 89' lang='lat' dir='ltr'>ut</span> <span class='ocrx_word' id='word_1_182' title='bbox 243 2533 343 2605; x_wconf 89' lang='lat' dir='ltr'>moris</span> <span class='ocrx_word' id='word_1_183' title='bbox 363 2537 413 2598; x_wconf 88' lang='lat' dir='ltr'>est</span> <span class='ocrx_word' id='word_1_184' title='bbox 431 2539 647 2600; x_wconf 87' lang='lat' dir='ltr'>occurrerunt.</span> <span class='ocrx_word' id='word_1_185' title='bbox 683 2532 729 2598; x_wconf 76' lang='lat' dir='ltr'>nt</span> <span class='ocrx_word' id='word_1_186' title='bbox 746 2533 787 2598; x_wconf 90' lang='lat' dir='ltr'>iis</span> <span class='ocrx_word' id='word_1_187' title='bbox 806 2533 982 2600; x_wconf 86' lang='lat' dir='ltr'>honorifice</span> <span class='ocrx_word' id='word_1_188' title='bbox 1001 2533 1140 2618; x_wconf 87' lang='lat' dir='ltr'>receptis</span> 
     </span>
     <span class='ocr_line' id='line_1_27' title="bbox 1 2619 1139 2706; baseline 0.002 -22"><span class='ocrx_word' id='word_1_189' title='bbox 1 2663 2 2700; x_wconf 53' lang='lat' dir='ltr'>y</span> <span class='ocrx_word' id='word_1_190' title='bbox 125 2620 167 2684; x_wconf 91' lang='lat' dir='ltr'>ad</span> <span class='ocrx_word' id='word_1_191' title='bbox 184 2620 352 2704; x_wconf 89' lang='lat' dir='ltr'>imperiale</span> <span class='ocrx_word' id='word_1_192' title='bbox 369 2621 544 2705; x_wconf 85' lang='lat' dir='ltr'>pallatium</span> <span class='ocrx_word' id='word_1_193' title='bbox 561 2621 650 2706; x_wconf 90' lang='lat' dir='ltr'>ipsos</span> <span class='ocrx_word' id='word_1_194' title='bbox 668 2622 896 2706; x_wconf 86' lang='lat' dir='ltr'>perduxerunt</span> <span class='ocrx_word' id='word_1_195' title='bbox 928 2619 1139 2688; x_wconf 77' lang='lat' dir='ltr'>Constantius</span> 
     </span>
     <span class='ocr_line' id='line_1_28' title="bbox 124 2707 1140 2794; baseline 0.001 -21"><span class='ocrx_word' id='word_1_196' title='bbox 124 2730 202 2774; x_wconf 82' lang='lat' dir='ltr'>vero</span> <span class='ocrx_word' id='word_1_197' title='bbox 230 2710 409 2791; x_wconf 89' lang='lat' dir='ltr'>imperator</span> <span class='ocrx_word' id='word_1_198' title='bbox 431 2707 597 2774; x_wconf 86' lang='lat' dir='ltr'>Romanus</span> <span class='ocrx_word' id='word_1_199' title='bbox 625 2731 680 2774; x_wconf 90' lang='lat' dir='ltr'>ecs</span> <span class='ocrx_word' id='word_1_200' title='bbox 704 2731 777 2774; x_wconf 89' lang='lat' dir='ltr'>cum</span> <span class='ocrx_word' id='word_1_201' title='bbox 804 2729 925 2793; x_wconf 78' lang='lat' dir='ltr'>magua</span> <span class='ocrx_word' id='word_1_202' title='bbox 947 2710 1069 2794; x_wconf 90' lang='lat' dir='ltr'>recepit</span> <span class='ocrx_word' id='word_1_203' title='bbox 1091 2730 1140 2774; x_wconf 87' lang='lat' dir='ltr'>re·</span> 
     </span>
     <span class='ocr_line' id='line_1_29' title="bbox 124 2797 876 2886; baseline 0 -24"><span class='ocrx_word' id='word_1_204' title='bbox 124 2797 285 2880; x_wconf 86' lang='lat' dir='ltr'>verentia,</span> <span class='ocrx_word' id='word_1_205' title='bbox 308 2797 393 2862; x_wconf 87' lang='lat' dir='ltr'>sicut</span> <span class='ocrx_word' id='word_1_206' title='bbox 416 2819 509 2863; x_wconf 89' lang='lat' dir='ltr'>suam</span> <span class='ocrx_word' id='word_1_207' title='bbox 532 2797 639 2863; x_wconf 90' lang='lat' dir='ltr'>decuit</span> <span class='ocrx_word' id='word_1_208' title='bbox 652 2797 876 2886; x_wconf 87' lang='lat' dir='ltr'>maiestatem.</span> 
     </span>
     <span class='ocr_line' id='line_1_30' title="bbox 212 2884 1192 2970; baseline 0.003 -20"><span class='ocrx_word' id='word_1_209' title='bbox 212 2884 310 2950; x_wconf 88' lang='lat' dir='ltr'>Mane</span> <span class='ocrx_word' id='word_1_210' title='bbox 339 2889 448 2950; x_wconf 87' lang='lat' dir='ltr'>autem</span> <span class='ocrx_word' id='word_1_211' title='bbox 474 2886 564 2954; x_wconf 88' lang='lat' dir='ltr'>facto</span> <span class='ocrx_word' id='word_1_212' title='bbox 586 2886 766 2970; x_wconf 85' lang='lat' dir='ltr'>imperator</span> <span class='ocrx_word' id='word_1_213' title='bbox 789 2889 904 2950; x_wconf 88' lang='lat' dir='ltr'>vocato</span> <span class='ocrx_word' id='word_1_214' title='bbox 930 2888 1001 2950; x_wconf 91' lang='lat' dir='ltr'>toto</span> <span class='ocrx_word' id='word_1_215' title='bbox 1025 2887 1192 2953; x_wconf 79' lang='lat' dir='ltr'>scnatu47</span> 
     </span>
     <span class='ocr_line' id='line_1_31' title="bbox 84 2972 1140 3059; baseline 0.004 -25"><span class='ocrx_word' id='word_1_216' title='bbox 84 2991 111 3032; x_wconf 84' lang='lat' dir='ltr'>so</span> <span class='ocrx_word' id='word_1_217' title='bbox 125 2977 159 3038; x_wconf 89' lang='lat' dir='ltr'>et</span> <span class='ocrx_word' id='word_1_218' title='bbox 181 2973 340 3042; x_wconf 82' lang='lat' dir='ltr'>universis</span> <span class='ocrx_word' id='word_1_219' title='bbox 364 2975 431 3040; x_wconf 90' lang='lat' dir='ltr'>suis</span> <span class='ocrx_word' id='word_1_220' title='bbox 454 2973 593 3040; x_wconf 87' lang='lat' dir='ltr'>tribunis</span> <span class='ocrx_word' id='word_1_221' title='bbox 618 2979 651 3039; x_wconf 89' lang='lat' dir='ltr'>et</span> <span class='ocrx_word' id='word_1_222' title='bbox 672 2973 837 3040; x_wconf 92' lang='lat' dir='ltr'>nobilibus</span> <span class='ocrx_word' id='word_1_223' title='bbox 861 2976 895 3038; x_wconf 88' lang='lat' dir='ltr'>et</span> <span class='ocrx_word' id='word_1_224' title='bbox 917 2972 1028 3038; x_wconf 89' lang='lat' dir='ltr'>audita</span> <span class='ocrx_word' id='word_1_225' title='bbox 1051 2972 1140 3059; x_wconf 80' lang='lat' dir='ltr'>lega·</span> 
     </span>
     <span class='ocr_line' id='line_1_32' title="bbox 125 3061 1139 3146; baseline -0.001 -19"><span class='ocrx_word' id='word_1_226' title='bbox 125 3061 215 3128; x_wconf 91' lang='lat' dir='ltr'>tione</span> <span class='ocrx_word' id='word_1_227' title='bbox 233 3061 300 3128; x_wconf 88' lang='lat' dir='ltr'>dict</span> <span class='ocrx_word' id='word_1_228' title='bbox 285 3066 395 3128; x_wconf 91' lang='lat' dir='ltr'>torum</span> <span class='ocrx_word' id='word_1_229' title='bbox 411 3063 600 3128; x_wconf 89' lang='lat' dir='ltr'>nuntiorum</span> <span class='ocrx_word' id='word_1_230' title='bbox 619 3063 742 3146; x_wconf 89' lang='lat' dir='ltr'>omnia,</span> <span class='ocrx_word' id='word_1_231' title='bbox 765 3083 847 3146; x_wconf 89' lang='lat' dir='ltr'>quae</span> <span class='ocrx_word' id='word_1_232' title='bbox 866 3083 925 3146; x_wconf 88' lang='lat' dir='ltr'>per</span> <span class='ocrx_word' id='word_1_233' title='bbox 942 3065 1139 3128; x_wconf 86' lang='lat' dir='ltr'>mercatores</span> 
     </span>
    </p>
   </div>
   <div class='ocr_carea' id='block_1_3' title="bbox 0 1712 4 2437">
    <p class='ocr_par' dir='ltr' id='par_1_3' title="bbox 0 1712 4 2437">
     <span class='ocr_line' id='line_1_33' title="bbox 0 1712 4 2437; baseline 0 0"><span class='ocrx_word' id='word_1_234' title='bbox 0 1712 4 2437; x_wconf 95' lang='lat' dir='ltr'> </span> 
     </span>
    </p>
   </div>
   <div class='ocr_carea' id='block_1_4' title="bbox 198 3234 1141 3359">
    <p class='ocr_par' dir='ltr' id='par_1_4' title="bbox 198 3234 1141 3359">
     <span class='ocr_line' id='line_1_34' title="bbox 198 3234 1141 3359; baseline -0.002 -67"><span class='ocrx_word' id='word_1_235' title='bbox 198 3236 539 3302; x_wconf 69' lang='lat' dir='ltr'>recusumandumcoda„</span> <span class='ocrx_word' id='word_1_236' title='bbox 548 3234 913 3306; x_wconf 68' lang='lat' dir='ltr'>consummandumccnpsi</span> <span class='ocrx_word' id='word_1_237' title='bbox 965 3242 998 3289; x_wconf 91' lang='lat'>11</span> <span class='ocrx_word' id='word_1_238' title='bbox 1006 3234 1141 3359; x_wconf 72' lang='lat' dir='ltr'>plenario</span> 
     </span>
    </p>
   </div>
   <div class='ocr_carea' id='block_1_5' title="bbox 120 3278 1143 3591">
    <p class='ocr_par' dir='ltr' id='par_1_5' title="bbox 120 3278 1143 3591">
     <span class='ocr_line' id='line_1_35' title="bbox 126 3278 1130 3389; baseline -0.005 -25"><span class='ocrx_word' id='word_1_239' title='bbox 126 3309 202 3364; x_wconf 80' lang='lat' dir='ltr'>codd.</span> <span class='ocrx_word' id='word_1_240' title='bbox 277 3315 311 3362; x_wconf 83' lang='lat'>14</span> <span class='ocrx_word' id='word_1_241' title='bbox 324 3306 465 3389; x_wconf 85' lang='lat' dir='ltr'>prosperis</span> <span class='ocrx_word' id='word_1_242' title='bbox 478 3278 608 3362; x_wconf 79' lang='lat' dir='ltr'>fortunae</span> <span class='ocrx_word' id='word_1_243' title='bbox 623 3305 798 3362; x_wconf 87' lang='lat' dir='ltr'>successibus</span> <span class='ocrx_word' id='word_1_244' title='bbox 813 3307 890 3362; x_wconf 81' lang='lat' dir='ltr'>codd.</span> <span class='ocrx_word' id='word_1_245' title='bbox 958 3311 990 3360; x_wconf 85' lang='grc'>16</span> <span class='ocrx_word' id='word_1_246' title='bbox 1028 3306 1130 3388; x_wconf 70' lang='lat' dir='ltr'>onstap</span> 
     </span>
     <span class='ocr_line' id='line_1_36' title="bbox 120 3375 1141 3446; baseline 0 -14"><span class='ocrx_word' id='word_1_247' title='bbox 120 3378 188 3438; x_wconf 86' lang='lat' dir='ltr'>¹tino</span> <span class='ocrx_word' id='word_1_248' title='bbox 202 3379 241 3446; x_wconf 92' lang='lat' dir='ltr'>F,</span> <span class='ocrx_word' id='word_1_249' title='bbox 258 3377 571 3458; x_wconf 77' lang='lat' dir='ltr'>nuncciareturcodd</span> <span class='ocrx_word' id='word_1_250' title='bbox 610 3383 643 3432; x_wconf 85' lang='lat'>18</span> <span class='ocrx_word' id='word_1_251' title='bbox 661 3377 812 3435; x_wconf 86' lang='lat' dir='ltr'>iocundum</span> <span class='ocrx_word' id='word_1_252' title='bbox 830 3377 907 3434; x_wconf 71' lang='lat' dir='ltr'>codd</span> <span class='ocrx_word' id='word_1_253' title='bbox 966 3381 1000 3432; x_wconf 92' lang='grc'>22</span> <span class='ocrx_word' id='word_1_254' title='bbox 1014 3375 1141 3432; x_wconf 89' lang='lat' dir='ltr'>nuncciis</span> 
     </span>
     <span class='ocr_line' id='line_1_37' title="bbox 128 3446 1143 3529; baseline 0 -25"><span class='ocrx_word' id='word_1_255' title='bbox 128 3451 204 3505; x_wconf 79' lang='lat' dir='ltr'>codd.</span> <span class='ocrx_word' id='word_1_256' title='bbox 277 3456 312 3504; x_wconf 81' lang='grc'>24</span> <span class='ocrx_word' id='word_1_257' title='bbox 325 3447 417 3518; x_wconf 81' lang='lat' dir='ltr'>ymnis</span> <span class='ocrx_word' id='word_1_258' title='bbox 431 3449 470 3518; x_wconf 93' lang='lat' dir='ltr'>D,</span> <span class='ocrx_word' id='word_1_259' title='bbox 487 3447 600 3520; x_wconf 86' lang='lat' dir='ltr'>ympnis</span> <span class='ocrx_word' id='word_1_260' title='bbox 619 3449 655 3504; x_wconf 89' lang='lat' dir='ltr'>F.</span> <span class='ocrx_word' id='word_1_261' title='bbox 711 3455 746 3506; x_wconf 77' lang='lat'>25</span> <span class='ocrx_word' id='word_1_262' title='bbox 763 3447 896 3529; x_wconf 83' lang='lat' dir='ltr'>resceptis</span> <span class='ocrx_word' id='word_1_263' title='bbox 916 3446 948 3502; x_wconf 93' lang='lat' dir='ltr'><strong><em>F</em></strong></span> <span class='ocrx_word' id='word_1_264' title='bbox 963 3463 1143 3506; x_wconf 74' lang='lat' dir='ltr'>comessura</span> 
     </span>
     <span class='ocr_line' id='line_1_38' title="bbox 127 3518 1056 3591; baseline 0.001 -16"><span class='ocrx_word' id='word_1_265' title='bbox 127 3521 259 3578; x_wconf 74' lang='lat' dir='ltr'>intuitio</span> <span class='ocrx_word' id='word_1_266' title='bbox 277 3526 309 3578; x_wconf 77' lang='lat' dir='ltr'>ct</span> <span class='ocrx_word' id='word_1_267' title='bbox 326 3521 433 3578; x_wconf 65' lang='lat' dir='ltr'>auster</span> <span class='ocrx_word' id='word_1_268' title='bbox 451 3536 508 3576; x_wconf 76' lang='lat' dir='ltr'>noa</span> <span class='ocrx_word' id='word_1_269' title='bbox 523 3521 652 3591; x_wconf 76' lang='lat' dir='ltr'>perfecta.</span> <span class='ocrx_word' id='word_1_270' title='bbox 724 3525 759 3575; x_wconf 84' lang='lat'>31</span> <span class='ocrx_word' id='word_1_271' title='bbox 778 3518 960 3576; x_wconf 89' lang='lat' dir='ltr'>nuncciorum</span> <span class='ocrx_word' id='word_1_272' title='bbox 979 3519 1056 3576; x_wconf 80' lang='lat' dir='ltr'>codd.</span> 
     </span>
    </p>
   </div>
   <div class='ocr_carea' id='block_1_6' title="bbox 0 0 1286 4048">
    <p class='ocr_par' dir='ltr' id='par_1_6' title="bbox 0 0 1286 4048">
     <span class='ocr_line' id='line_1_39' title="bbox 0 0 1286 4048; baseline 0 0"><span class='ocrx_word' id='word_1_273' title='bbox 0 0 1286 4048; x_wconf 95' lang='lat' dir='ltr'> </span> 
     </span>
    </p>
   </div>
  </div>
 </body>
</html>
