2552 4048
586 265 629 274 ..
676 229 718 292 52
764 263 805 272 ..

553 373 635 463 sap.
668 369 849 444 oxum.

278 508 407 592 Lucius,
425 513 502 594 post
516 509 736 575 Athanasium
750 509 891 575 Arianae
907 511 1011 595 pertis
1025 512 1213 598 episcopus,
1265 595 1266 598 Ἴ

188 620 291 683 usque
314 597 591 700 aleheodosiurnn
614 598 802 700 principem,
825 621 844 664 a
867 621 931 684 quo
954 604 988 702 et
1010 601 1124 685 pulsus
1151 606 1212 685 est,

154 685 1209 862 ⁶tt⁹¹3t¹t¹lttssllltmtltutitillantibus

188 864 298 930 libelli.

573 956 654 1048 Gap.
687 954 825 1028 CXIX.
1266 984 1267 1076 p

276 1091 452 1178 Diodorus,
486 1093 656 1160 Tarsensis
689 1095 873 1182 spiscopus,
906 1094 982 1160 dum
1010 1093 1208 1162 Antiochiae
1266 1105 1267 1136 ³

188 1185 273 1246 esset
285 1182 463 1265 presbyter,
482 1183 588 1268 magis
607 1184 732 1250 claruit.
767 1183 911 1250 Exstant
929 1181 998 1247 eius
1017 1183 1052 1247 in
1073 1188 1208 1268 aposto·
1266 1187 1267 1224 3

136 1289 168 1338 10
187 1271 254 1335 lum
287 1270 511 1336 commentarii
547 1276 580 1336 et
615 1273 718 1336 multa
754 1271 819 1336 alia
856 1272 898 1336 ad
929 1271 1064 1336 Eusebii
1098 1273 1207 1358 magis
1266 1309 1267 1314 κ

187 1358 332 1424 Emiseni
360 1360 579 1424 characterem
606 1359 818 1444 pertinentia,
851 1360 941 1424 cuius
969 1381 1042 1425 curn
1072 1383 1208 1426 sensum
1266 1375 1267 1418 i

188 1451 317 1512 secutus
345 1449 402 1532 sit,
434 1449 652 1532 eloquentiam
684 1447 807 1514 imitari
837 1470 904 1514 non
936 1451 995 1532 pot
1019 1448 1043 1512 ‘t
1070 1453 1208 1534 propter
1266 1483 1267 1488 κ

187 1535 406 1622 ignorantiam
430 1537 645 1602 saecularium
666 1537 858 1602 litterarum.

576 1715 658 1808 Cap.
691 1715 807 1788 CXX.

133 1871 165 1920 15
273 1853 467 1938 Eunomius,
495 1852 636 1918 Arianae
674 1855 776 1939 partis
804 1853 981 1939 Cyzicenus
1019 1855 1203 1940 episcopus,

185 1943 219 2007 in
249 1946 394 2027 apertam
421 1941 572 2009 hereseos
601 1965 677 2008 suae
705 1945 853 2028 prorupit
874 1942 1127 2028 blasphemiam,
1159 1948 1204 2028 ut,

186 2031 271 2115 quod
294 2032 343 2095 illi
365 2035 498 2117 tegunt,
521 2033 585 2098 iste
607 2032 736 2116 publice
759 2031 924 2098 fateretur.
970 2031 1080 2117 Usque
1105 2033 1202 2098 hodie

185 2120 292 2184 vivers
311 2120 428 2185 dicitur
450 2122 485 2185 in
504 2119 709 2205 Cappadocia
727 2123 761 2184 et
779 2121 881 2186 multe
900 2125 1012 2186 contra
1030 2122 1201 2186 ecclesiam

184 2207 368 2274 rescribere.
419 2208 670 2294 Responderunt
699 2209 729 2273 ei
756 2207 996 2294 Apollinarius,
1028 2209 1201 2294 Didymus,

130 2313 163 2362 20
182 2295 324 2362 Basilius
345 2294 573 2381 Caesariensis,
593 2296 769 2383 Gregorius
783 2297 1008 2364 Nazianzenus
1027 2301 1060 2362 et
1078 2297 1199 2382 Nyssa·

182 2407 244 2448 nus
268 2386 349 2450 alter
373 2383 556 2471 Gregorius.
1267 2389 1268 2412 ³

563 2548 645 2640 Cup.
678 2549 816 2621 OXXI.

270 2681 501 2770 Priscillianus,
514 2684 632 2752 Abilae
647 2688 824 2772 episcopus,
839 2687 894 2774 qui
907 2685 1049 2752 factione
1058 2685 1197 2771 Hydatii

181 2776 214 2837 et
230 2771 349 2838 Ithacii
362 2771 510 2839 Treveris
530 2773 705 2841 aMaximo
723 2779 864 2860 tyranno
883 2797 997 2842 caesus
1018 2778 1076 2859 est,
1096 2775 1198 2841 edidit

127 2876 160 2926 eo
179 2860 283 2925 multe
306 2863 470 2947 opuscula,
493 2862 532 2927 de
557 2864 672 2947 quibus
697 2864 738 2928 ad
756 2886 816 2930 nos
841 2865 949 2950 aliqua
969 2866 1195 2948 pervenerunt.

179 2947 242 3012 Hic
260 2971 362 3033 usque
380 2949 475 3015 hodie
495 2972 515 3014 a
532 2953 698 3017 nonnullis
721 2953 897 3038 gnosticae,
920 2953 953 3018 id
972 2956 1022 3018 est
1040 2950 1194 3016 Basilidis

178 3035 230 3100 vel
239 3033 351 3120 Marci,
365 3038 404 3103 de
419 3038 537 3123 quibus
552 3038 705 3106 Irenaeus
715 3041 836 3125 scribit,
849 3041 1000 3106 hereseos
1015 3047 1196 3124 accusatur,

178 3122 424 3190 defendentibus
448 3125 521 3192 aliis
543 3149 610 3194 non
633 3130 680 3194 ita
703 3151 776 3195 eum
800 3129 947 3214 sensisse,
973 3132 1010 3194 ut
1033 3129 1195 3212 arguitur.

249 3268 266 3317 4
279 3263 391 3318 Bernaba
406 3261 575 3334 solleflpnes
638 3271 655 3321 5
670 3267 780 3322 Bamb.:
795 3263 977 3338 κατηχήσεων
1045 3272 1079 3322 16
1093 3267 1195 3323 Bamb.

177 3333 207 3388 et
228 3333 368 3390 Nouimus
391 3350 621 3405 prorumpens..
732 3343 764 3392 19
787 3337 898 3393 Bamb.=
922 3337 1029 3406 dicere,
1055 3337 1139 3392 Bern·
1169 3341 1198 3391 at

176 3403 316 3460 Norimb.:
330 3405 451 3462 scribere
464 3422 548 3461 ausus
566 3408 610 3461 est
663 3413 698 3464 20
712 3407 823 3464 Bamb:
837 3409 868 3464 et
881 3409 1038 3476 Emisenae
1053 3407 1197 3464 Norimb.:

177 3475 207 3528 et
223 3475 343 3531 Nisenus
414 3481 449 3531 24
467 3475 544 3531 Vct:
564 3476 686 3534 Triberis
