2552 4048
474 271 694 338 -95..

466 417 548 509 Cap.
577 415 704 489 LVII.

163 533 339 618 Fastidius,
361 533 596 600 Britannorum
619 537 799 622 episcopus,
822 537 953 623 scripsit
972 537 1013 602 ad
1031 537 1089 603 Fa·

17 673 18 696 ,
77 623 173 688 talem
202 621 365 708 quendam
393 623 443 688 ‘de
470 624 539 688 vita
566 623 755 690 christiana'
785 625 905 690 librum
935 629 968 690 et
990 627 1090 692 alium

17 707 18 738 ³
79 710 126 776 ‘ds
147 709 308 778 viduitate
332 709 501 776 servanda'
525 735 606 778 sana
629 717 662 778 et
684 713 755 780 Dec
780 713 879 800 digna
902 713 1060 780 doctrina.

453 875 536 967 Cup.
563 875 713 949 LVIII.
1108 889 1124 936 5

163 991 323 1079 Cyrillus,
345 995 585 1061 Alexandrinae
609 997 762 1062 eeclesiae
786 997 969 1082 episeopus,
989 997 1090 1062 edidit

75 1083 237 1148 variarum
266 1077 464 1150 ὑποθέσεων
491 1088 665 1164 tractatus,
696 1085 847 1150 homilias
875 1086 975 1150 etiam
1004 1107 1090 1151 com-

74 1172 183 1254 posuit
214 1173 385 1258 plurimas,
418 1195 500 1257 quae
534 1174 575 1238 ad
609 1173 854 1240 declamandum
887 1197 907 1238 a
934 1173 1089 1240 Graeciae

74 1261 233 1345 episcopis
266 1261 440 1326 memoriae
474 1261 751 1328 commendantur.
806 1262 977 1328 Praeterea
1013 1264 1089 1327 libri

74 1349 138 1414 eius
173 1353 252 1414 sunt
284 1348 334 1414 ‘de
367 1371 552 1436 synagogae
581 1350 732 1436 defectu’,
762 1350 818 1416 ‘de
845 1351 908 1416 fide
935 1350 1088 1416 adversus
1110 1367 1142 1414 10

73 1437 255 1522 hereticcs’,
279 1442 312 1503 et
334 1439 490 1523 peculiari
515 1440 698 1504 intentione
724 1437 876 1505 adversus
898 1439 1089 1504 Nestorium

74 1525 290 1611 compositus,
308 1529 363 1612 qui
382 1527 569 1592 attitulatur
587 1529 734 1612 ἔλεγχος,
753 1529 788 1592 in
807 1549 872 1614 quo
892 1527 1004 1592 omnia
1024 1525 1089 1592 Ne-

76 1615 167 1680 storii
197 1615 325 1680 occulta
353 1615 541 1700 panduntur
567 1617 600 1680 et
629 1617 759 1700 prodita
787 1615 1007 1682 confutantur.

479 1796 560 1887 cap.
589 1795 694 1868 arx.

163 1915 354 1982 Timotheus
381 1917 553 2000 episcopus
578 1915 762 2000 composuit
787 1915 906 1980 librum
931 1913 982 1980 ‘de
1005 1916 1087 1980 nati·
1110 1924 1141 1972 15

73 2004 176 2070 vitate
189 2003 325 2070 Domini
348 2005 522 2070 secundum
545 2001 697 2088 earnem’,
720 2025 818 2087 quam
840 2003 943 2070 credit
965 2003 1000 2070 in
1023 2004 1087 2088 epi·

73 2093 197 2176 phania
219 2091 349 2158 factam.

473 2185 572 2278 ‘Ouo
600 2185 683 2256 LX.

161 2302 320 2388 Leporius
349 2305 452 2370 adhuc
480 2305 671 2390 monachus,
698 2307 774 2388 post
796 2304 975 2388 presbyten
998 2325 1089 2388 prae·

73 2413 206 2457 sumens
231 2391 271 2457 de
293 2393 434 2477 puritate
457 2395 542 2459 vitae
562 2416 662 2480 quam
684 2393 818 2458 arbitfio
837 2398 964 2459 tantum
988 2398 1021 2458 et
1040 2415 1089 2458 co·
1109 2420 1142 2468 20

72 2485 154 2545 natu
177 2482 324 2566 proprio,
346 2502 413 2547 non
435 2481 498 2546 Dei
525 2503 561 2548 se
587 2482 747 2568 adjutorio
776 2483 954 2548 obtinuisse
983 2483 1089 2548 crede·

72 2569 146 2651 bat,
169 2568 387 2653 Pelagianum
408 2570 527 2656 dogma
550 2574 700 2654 coeperat
723 2571 824 2655 sequi.
865 2570 928 2636 Sed
952 2593 971 2635 a
990 2569 1090 2635 Galli-

73 2657 163 2722 canis
188 2658 376 2724 doctoribus
401 2659 583 2724 admonitus
607 2663 640 2723 et
662 2659 698 2722 in
721 2658 832 2723 Africa
853 2681 912 2742 per
934 2657 1089 2742 Augusti-

73 2767 153 2810 nnm
178 2745 260 2812 adeo
283 2748 469 2813 emendatus
492 2748 623 2831 scripsit
645 2746 882 2811 emendationis
905 2768 981 2810 suae
999 2745 1089 2810 libel-

73 2835 156 2916 lum,
180 2835 216 2899 in
240 2857 304 2920 quo
328 2839 361 2900 et
383 2836 542 2901 satisfacit
566 2837 603 2900 de
627 2856 736 2900 errore
760 2837 794 2899 et
815 2834 938 2920 gratias
957 2835 1026 2918 agit
1049 2834 1087 2897 de
1110 2849 1143 2897 25

74 2921 316 3007 emendatione3
348 2925 444 2988 simul
471 2928 505 2989 et
531 2923 617 3010 quod
641 2919 727 2987 male'
753 2925 897 2988 senserat
925 2922 964 2988 de
986 2922 1089 2988 incar·

73 3012 209 3078 natione
232 3009 354 3076 Christi
381 3013 546 3097 corrigens
574 3012 768 3078 catholicam
791 3011 988 3076 sententiam
1015 3011 1091 3076 tulit

75 3099 186 3164 dicens
200 3100 409 3166 manentibus
422 3102 458 3166 in
467 3099 597 3167 Christo
612 3101 736 3165 duabus
750 3100 876 3165 naturis
890 3121 989 3165 unam
1005 3100 1091 3165 credi

74 3187 150 3254 Filii
165 3187 226 3253 Dei
241 3209 423 3273 personam.

477 3300 560 3391 cap.
588 3299 694 3371 ΠΙ.
1109 3311 1144 3358 20

167 3417 368 3501 Victorinus,
386 3418 496 3484 rhetor
508 3417 729 3502 Massiliensis,
748 3419 788 3484 ad
802 3418 862 3484 filii
877 3417 936 3500 sui,
954 3415 1091 3500 Etherii,

75 3528 252 3593 personam
271 3509 507 3575 commentatus
526 3507 629 3571 estin
648 3506 813 3586 Genesim,
832 3506 865 3570 id
884 3508 946 3584 est,
965 3526 985 3569 a
1002 3504 1090 3590 prin·
