2552 4048
589 257 808 324 ..92-

190 400 346 466 dentium.
393 399 457 465 Hic
480 399 625 464 Iulianus
649 399 863 483 eleemosynis
886 402 1033 482 tempore
1056 397 1155 463 famis
1179 401 1219 462 et

190 489 361 574 angustiae
380 487 604 574 indigentibus
627 487 811 572 prorogatis
829 487 940 552 multis
959 487 1217 555 miserationum
1267 487 1268 574 l

191 577 297 662 specie
333 577 495 642 nobilium
527 577 768 661 praecipueque
800 576 1027 660 religiosorum
1059 575 1216 640 inliciens
1267 581 1268 656 l

190 666 296 731 heresi
320 687 396 730 suae
420 665 565 731 sociavit.
601 663 740 729 Moritur
753 663 997 747 Valentiniano,
1022 661 1218 729 Constantii
1267 663 1268 746 l

565 845 646 940 cap.
678 844 841 918 rmum

155 755 266 838 stilio,
288 754 477 838 imperanto.
1267 747 1268 790 l

280 983 442 1050 Lucianu's
455 985 635 1070 presbyter,
653 985 703 1050 uir
722 985 864 1060 sanctus,
883 981 934 1048 cui
948 981 1105 1047 revelavit
1118 979 1215 1046 Deus

191 1073 391 1157 temporibus
414 1071 555 1140 Honorii
579 1077 612 1140 et
635 1071 810 1139 Theodosii
833 1070 1073 1154 Augustorum,
1100 1071 1215 1136 locum
1267 1077 1268 1140 ἶ

192 1161 330 1244 sepulcri
353 1164 386 1226 et
404 1161 614 1246 reliquiarum
633 1163 778 1245 corporis
797 1159 901 1224 sancti
916 1157 1088 1243 Stephani,
1110 1159 1216 1242 primi

140 1273 174 1322 10
192 1249 360 1334 martyris,
389 1249 519 1333 scripsit
535 1251 647 1333 ipsam
670 1250 900 1315 revelationem
924 1247 965 1311 ad
988 1247 1135 1312 omnium
1159 1268 1216 1312 ec·

194 1338 363 1403 elesiarum
386 1359 559 1423 personam
581 1337 704 1404 Graeco
729 1357 885 1404 sermone.

554 1501 636 1613 cap.
667 1499 854 1573 rmum.

280 1637 398 1703 Avitus
416 1639 592 1723 presbyter,
610 1637 750 1724 Hispani
773 1638 910 1722 generis,
933 1640 1008 1701 ante
1030 1637 1134 1700 latam
1147 1635 1214 1700 Lu·
1267 1649 1268 1696 3

192 1727 277 1790 ciani
299 1727 480 1810 presbyteri
499 1727 693 1810 scripturam
715 1727 750 1791 in
772 1726 927 1791 Latinum
948 1725 1122 1790 transtulit
1146 1747 1213 1788 ser·
1267 1807 1268 1810 Ἴ

110 1875 114 1882 .
139 1839 172 1890 15
192 1836 321 1880 monem
353 1819 385 1880 εὴ
413 1814 538 1880 adiecta
566 1816 707 1900 epistula
735 1837 794 1881 sua
820 1836 879 1899 per
902 1812 1053 1878 Orosium
1076 1813 1213 1898 presby·

191 1907 297 1970 terum
320 1903 572 1970 occidentalibus
596 1903 704 1969 edidit.
1267 1929 1268 2004 y

458 2052 461 2058 ¹
574 2068 656 2158 Cup.
689 2065 832 2138 XLIX.

280 2204 452 2290 Paulinus,
474 2203 578 2270 Nolae
594 2203 790 2288 Campaniae
815 2204 1010 2289 episcopus,
1023 2201 1212 2286 composuit
1267 2201 1268 2274 }

192 2314 287 2358 versu
309 2294 434 2377 brevia,
457 2293 513 2358 sed
536 2293 655 2376 multa,
684 2296 716 2356 et
740 2292 780 2357 ad
803 2291 933 2359 Celsum
956 2292 1120 2375 quendam
1143 2290 1211 2374 epi·
1267 2323 1268 2364 3

138 2407 172 2456 20
190 2381 294 2465 taphii
317 2383 386 2447 vice
409 2381 662 2446 consolatorium
684 2381 831 2446 libellum
860 2379 973 2464 ‘super
1001 2383 1105 2444 morte
1129 2379 1211 2444 chri·
1267 2375 1268 2406 l

192 2469 290 2532 atiani
317 2472 350 2533 et
377 2469 534 2553 baptizati
566 2468 712 2533 infantis'
746 2492 802 2553 spe
831 2469 1008 2534 christiana
1036 2468 1210 2549 munitum,
1267 2479 1268 2524 f

192 2560 225 2622 et
247 2557 289 2621 ad
308 2555 461 2624 Severum
483 2557 592 2641 plures
617 2557 771 2641 epistulas
796 2562 829 2623 et
851 2556 892 2642 ad
908 2556 1127 2622 Theodosium
1148 2556 1210 2618 im·

190 2649 373 2729 potatorem
397 2650 473 2712 ante
492 2647 713 2730 episcopatum
730 2668 829 2730 prosa
846 2645 1079 2730 panegyricum
1099 2643 1210 2726 ‘super
1267 2673 1268 2684 .

190 2735 327 2800 victoria
344 2733 579 2820 tyrannorum',
598 2756 635 2799 eo
654 2735 803 2818 maxime,
822 2734 908 2820 quod
926 2733 989 2798 fide
1008 2735 1041 2798 et
1060 2733 1208 2798 oratione
1267 2771 1268 2800 2

104 2861 109 2870 ·
137 2850 171 2899 25
189 2825 264 2908 plus
283 2847 380 2909 quam
395 2825 493 2891 armis
511 2824 633 2890 vicerit.
669 2823 759 2888 Fecit
778 2827 810 2888 et
829 2824 1105 2889 sacramentorum
1124 2841 1209 2904 opus
1267 2839 1268 2878 r

192 2916 224 2976 et
252 2912 458 2998 hymnorum.
502 2912 555 2977 Ad
584 2933 728 2977 sororem
756 2933 882 2997 quoque
906 2911 1064 2995 epistulas
1087 2909 1208 2974 multas

192 2999 243 3064 ‘de
266 3005 453 3086 contemptu
476 2999 600 3066 mundi'
624 3001 726 3084 dedit,
754 3003 787 3065 et
809 3001 848 3065 de
872 2999 1006 3065 diversis
1030 2999 1136 3062 causis
1162 2997 1208 3060 di·
1267 3021 1268 3078 3

192 3109 286 3152 versa
309 3089 527 3172 disputatione
549 3079 709 3154 bachatus
728 3089 836 3154 edidit.
878 3089 1074 3171 Praecipuus
1097 3090 1210 3150 tamen
1267 3107 1268 3186 y

263 3225 410 3282 2Bamb.:
430 3227 558 3282 omnibus
578 3228 635 3282 suis
653 3227 813 3297 prorogatis
911 3233 928 3282 4
947 3225 1061 3280 Bamb.:
1079 3223 1209 3305 Valenti·

191 3297 275 3353 niano
300 3299 329 3352 et
348 3297 513 3353 Constantio
535 3297 595 3352 filio
614 3297 674 3352 eius
692 3298 898 3368 imperantibus
972 3303 1004 3351 13
1024 3297 1138 3353 Bamb.=
1159 3295 1209 3348 Hr-
1267 3349 1268 3360 ἶ

190 3385 295 3438 spanus
314 3385 415 3452 genere
491 3367 603 3423 Bamb.=
623 3368 744 3423 relatam
820 3375 855 3424 14
874 3369 984 3450 Barth:
1003 3367 1209 3423 revelationem
1267 3361 1268 3400 l

190 3440 339 3565 sall*
356 3441 724 3580 ltlttlltlttsss
743 3439 952 3566 Blthttl
968 3437 1207 3576 ffi...1.t³ss:
