2552 4048
528 261 777 326 ·-7c-

297 406 402 469 XCVI.
448 405 579 468 Cerealis
599 407 769 488 episcopu·

297 495 418 557 xcvn.
463 497 617 574 Eugenius
641 497 805 573 episcopus.

296 584 433 646 XOVHI.
478 585 634 645 Pomerius
657 585 823 664 episcopus.

296 673 402 735 XCIX.
447 673 629 734 Gennadius.

129 949 145 998 ⁶
604 939 686 1030 061).
714 941 752 1011 1.·
860 1011 863 1018 A

255 1077 407 1162 Iacobus,
430 1079 646 1164 cognomento
670 1073 821 1162 Sapiens,
843 1076 1033 1165 Nisibenos,
1055 1079 1181 1146 nobilis
1263 1073 1264 1114 ³

164 1167 338 1231 Persarum
366 1165 463 1232 modo
486 1165 628 1232 civitatis
656 1165 826 1251 episcopus
849 1166 925 1252 trit,
952 1189 1034 1234 unus
1058 1189 1098 1232 ex
1120 1189 1181 1233 nu·
1263 1175 1264 1254 J

164 1275 253 1320 mero
273 1255 333 1320 sub
347 1253 524 1320 Maximino
537 1259 743 1339 persecutore
761 1255 983 1322 confessorum
1002 1259 1035 1320 et
1053 1277 1177 1339 corum,

164 1343 220 1428 qui
242 1344 277 1409 in
296 1341 442 1409 Nizaena
466 1344 589 1428 synodo
604 1342 761 1408 Anienem
784 1345 1028 1430 perversitatem
1052 1342 1176 1410 ‘omou-
1263 1355 1264 1434 1

112 1445 146 1494 16
165 1431 216 1497 sii'
240 1433 444 1516 oppositione
467 1431 671 1496 damnarunt.
716 1431 812 1498 Hunc
835 1433 941 1498 virum
963 1433 1078 1498 beatus
1097 1433 1179 1498 Hie·
1234 1449 1237 1454 '

163 1542 316 1604 rcnymus
340 1521 376 1586 in
398 1521 482 1585 libro
505 1519 673 1604 χρονικῶν
695 1521 785 1586 velut
809 1541 999 1606 magnarum
1017 1521 1177 1586 virtutum
1263 1519 1264 1546 l

162 1608 328 1675 hominem
354 1609 526 1672 nominans
558 1609 593 1671 in
619 1609 769 1694 catalogo
797 1609 990 1691 scriptorum
1021 1631 1078 1672 eur
1107 1631 1176 1674 non

162 1697 321 1781 posuerit,
343 1695 439 1761 facile
458 1696 673 1782 excusabitur,
696 1697 725 1760 si
743 1696 979 1763 consideremus
998 1697 1089 1781 ipsos
1109 1702 1177 1762 tres

163 1785 215 1850 vel
243 1787 397 1870 quattuor
423 1783 538 1870 Syros,
571 1807 653 1869 quos
668 1781 794 1869 'posuit
822 1789 855 1850 et
881 1785 1113 1870 interpretatos
1142 1787 1176 1850 in

112 1888 144 1937 15
165 1895 317 1960 maecum
336 1874 454 1959 legisse
472 1877 622 1938 testatur.
659 1873 752 1939 Unde
771 1877 900 1938 constat
918 1895 991 1938 eum
1013 1873 1070 1939 illc
1094 1878 1179 1940 tem·

163 1984 242 2047 pore
264 1963 433 2048 ignorasse
457 1961 613 2047 Syrorum
639 1961 786 2046 lingnam
809 1963 861 2026 vel
883 1962 1023 2046 litteras,
1047 1967 1080 2026 et
1103 1963 1178 2028 ideo

163 2051 266 2136 hunc,
293 2053 349 2136 qui
375 2052 512 2117 necdum
542 2051 578 2116 in
606 2049 704 2115 aliam
726 2051 873 2134 linguam
896 2055 1009 2116 vers'us
1032 2056 1100 2135 est,
1123 2073 1180 2115 ne·

165 2141 263 2206 scisse
296 2139 495 2224 scriptorem.
541 2137 794 2222 Comprehendit
826 2137 953 2204 autem*
968 2161 1062 2204 omne
1093 2161 1178 2224 opus

166 2251 260 2294 suum
283 2229 317 2293 in
339 2227 450 2293 XXVI
472 2228 577 2310 libris,
600 2227 633 2291 id
656 2230 719 2292 est:
743 2225 793 2292 ((16
811 2226 896 2311 fide'‚
920 2225 1084 2292 ‘adversus
1108 2249 1178 2292 om·
1263 2253 1264 2272 ³

113 2331 147 2380 20
165 2339 222 2382 nes
250 2317 379 2382 hereses
387 2315 407 2399 ',
431 2316 485 2380 ((16
514 2315 648 2380 caritate
677 2313 848 2400 generali',
872 2315 927 2380 ((16
949 2315 1097 2400 ieiunio',
1122 2315 1181 2380 ((16

165 2404 338 2484 oratione',
376 2404 431 2494 ((16
472 2403 642 2468 dilectione
686 2425 763 2488 erga
799 2405 982 2488 proximum
1020 2403 1181 2488 speciali',
1263 2403 1264 2460 ἶ

166 2491 222 2558 ((16
254 2490 512 2574 resurreetione’,
536 2490 591 2556 (16
623 2492 690 2557 vita
721 2496 798 2576 post
828 2491 992 2576 mortem’,
1027 2491 1085 2557 ((16
1119 2493 1180 2558 hu·
1263 2495 1264 2562 j

164 2579 327 2664 militate',
356 2580 411 2646 ((16
438 2579 623 2665 patientia’,
651 2578 706 2644 ((16
738 2580 963 2665 paenitentia',
998 2580 1055 2646 ((16
1084 2582 1181 2646 satis·
1263 2653 1264 2656 1

164 2668 326 2754 factionc’,
350 2668 400 2734 ((16
427 2667 637 2754 virginitate',
661 2667 712 2734 ((16
741 2691 837 2734 sensu
865 2668 1013 2752 animae',
1036 2668 1088 2734 ((16
1119 2670 1179 2734 cir·

111 2771 145 2822 25
165 2757 382 2842 cumeisione',
409 2756 460 2824 ((16
483 2758 568 2822 acini
595 2756 840 2841 benedictione',
862 2780 920 2842 pro
944 2779 1008 2842 quo
1031 2757 1065 2822 in
1089 2756 1180 2823 Isaia
1263 2791 1264 2798 1

163 2848 298 2933 legitur:
330 2869 398 2913 non
428 2851 478 2912 cst
509 2846 772 2912 exterminandus
804 2846 933 2930 botrus,
967 2845 1018 2912 ((16
1046 2843 1179 2911 Christo
1263 2885 1264 2932 3

165 2936 252 3021 quod
279 2935 364 3001 filius
388 2935 451 3001 Dei
478 2936 521 3000 sit
544 2940 578 3001 et
605 2935 894 3001 consubstantialis
917 2931 1027 3018 patri',
1051 2932 1104 2999 ((16
1128 2957 1181 2999 ca·
1263 2939 1264 3032 1

237 3098 253 3147 6
271 3092 369 3146 Bamb.
389 3095 418 3146 61
427 3092 566 3147 Norint:
585 3092 753 3158 Nisibenam
772 3091 849 3146 Vat:
868 3089 1015 3145 Nicivinae
1061 3097 1077 3146 7
1099 3090 1177 3145 ‘furit’

165 3163 245 3218 deest
262 3162 293 3218 in
310 3161 375 3217 Vat.
395 3165 424 3216 61
441 3162 539 3220 Bamb.
618 3168 652 3216 14
673 3162 724 3218 ‘et’
745 3161 823 3216 deest
840 3161 870 3216 in
888 3162 952 3216 Vae.
972 3164 1002 3216 et
1020 3161 1120 3216 Bemb.

166 3238 201 3289 15
219 3231 316 3290 Bamb.
335 3234 365 3288 et
382 3231 522 3288 Norimb.:
541 3232 690 3303 selegisse
759 3239 792 3288 16
811 3232 908 3288 Bamb.
927 3233 958 3287 61
974 3231 1117 3288 Νοτίω1.ε
1137 3250 1182 3300 sy·

165 3321 227 3360 ram
287 3309 321 3360 23
339 3303 410 3360 haec
428 3304 568 3360 voeabula
586 3302 688 3360 desunt
705 3303 736 3358 in
754 3304 819 3359 Vat.
838 3305 868 3358 et
884 3303 983 3358 Bamb.
1002 3305 1032 3358 61
1048 3303 1132 3358 Bem.

166 3381 202 3430 24
219 3374 455 3432 Vat.etBa1nb.:
474 3375 509 3430 de
524 3391 609 3430 censu
662 3380 697 3430 25
715 3374 855 3430 Norimb.:
871 3375 907 3430 de
921 3374 1002 3429 acino
1015 3372 1180 3439 benedicto;

166 3447 231 3502 Vat.
250 3447 285 3502 de
304 3462 377 3516 agno
396 3445 599 3502 benedictionis
676 3446 711 3503 cl.
729 3447 766 3502 Is.
785 3451 864 3504 65.8
937 3450 972 3500 26
991 3445 1072 3501 Vnt:
1093 3445 1183 3502 exter-
1263 3463 1264 3538 1

105 3557 109 3568 .
166 3515 331 3585 minabitur3
349 3517 460 3573 Bamb.:
479 3533 536 3573 non
555 3517 755 3573 exterminatus
