2552 4048
466 303 504 316 ..
553 267 596 334 75
644 303 681 314 -

78 429 147 474 suae
173 407 310 492 scripsit
339 407 524 494 epistulam,
551 410 587 474 in
613 431 676 496 qua
703 408 798 475 dooet
824 410 917 480 illum
939 411 1081 494 perfecte

71 496 133 560 Deo
158 517 259 580 posse
294 497 431 580 servire,
463 498 518 581 qui
552 497 773 564 condicionem
802 499 975 564 creationis
1004 521 1081 565 suae

72 605 267 671 cognoscens
288 585 331 650 ad
350 607 462 650 omnes
481 590 585 650 semet
601 587 711 670 ipsum
724 585 935 689 inelinaverit
952 588 1081 654 labores

72 673 734 848 {ttttttdttttttttwt
750 674 961 829 luitici?
970 697 1081 850 aar
1118 781 1134 827 ⁵

72 851 152 915 niens
175 851 374 934 puritatem,
396 851 633 916 continentiam
660 852 750 917 velut
776 855 913 918 naturae
936 851 1080 918 debitum

22 977 23 980 =
71 959 177 1003 munus
201 939 392 1004 obtinuerit.

484 1121 567 1214 Cup.
598 1121 667 1192 XI.

149 1255 321 1342 Euagrius
339 1258 533 1343 monachus,
551 1281 649 1342 supra
667 1258 747 1324 dieti
759 1259 893 1326 Masurii
911 1259 1081 1326 familiaris

67 1345 258 1429 discipulus,
281 1346 390 1412 dimna
413 1350 447 1412 et
468 1347 613 1414 humana
630 1347 813 1414 litteratura
831 1348 1010 1414 instructus
1033 1352 1080 1412 at·
1101 1366 1134 1414 10

71 1455 124 1518 que
150 1435 311 1520 insignis,
339 1436 428 1502 euius
457 1437 554 1502 etiam
582 1435 678 1521 liber,
705 1436 760 1520 qui
787 1436 979 1502 adtitulatur
1002 1433 1081 1500 ‘vita

70 1521 215 1606 patrum',
235 1524 326 1590 velut
344 1524 616 1590 continentissimi
634 1527 667 1588 at
685 1524 896 1590 eruditissimi
913 1525 975 1589 viri
993 1545 1081 1590 men-

71 1610 185 1676 tionem
214 1611 311 1696 facit,
343 1613 472 1696 scripsit
504 1613 609 1678 multa
638 1613 808 1678 monachis
835 1613 1031 1698 necessaria,
1064 1635 1081 1678 e

70 1700 181 1782 quibus
200 1700 270 1766 ista
289 1705 380 1766 sunt:
405 1699 570 1781 ‘aduersus
589 1705 663 1767 octo
681 1701 909 1786 principalium
929 1702 1081 1768 vitiorum

71 1787 317 1872 suggestiones’,
340 1811 421 1874 quas
446 1795 503 1856 aut
524 1791 650 1873 primus
674 1790 813 1856 advertit
834 1794 892 1855 aut
909 1790 995 1855 inter
1017 1791 1080 1874 pri·
1101 1808 1133 1856 15

71 1897 134 1941 moe
158 1877 291 1960 didicit,
319 1882 392 1944 ooto
421 1901 460 1944 ex
488 1883 673 1944 sanctarum
695 1882 826 1944 tantum
849 1878 1081 1962 seripturarum

70 1965 264 2032 testimoniis
288 1967 442 2050 opposuit
463 1967 577 2052 libros,
600 1967 642 2032 ad
665 1966 910 2032 similitudinem
933 1966 1082 2031 videlicet

72 2051 214 2138 Domini,
242 2054 299 2139 qui
326 2056 515 2140 temptatori
543 2077 602 2120 suo
630 2075 757 2140 semper
779 2055 1012 2140 seripturarum
1034 2057 1081 2118 te·

72 2142 232 2208 stimoniis
256 2143 414 2226 obviavit,
441 2144 489 2210 ita
515 2148 554 2209 ut
575 2165 787 2230 unaquaeque
810 2145 862 2209 vel
885 2142 1007 2209 diaboli
1029 2143 1079 2208 vel

71 2230 200 2296 uitiatae
224 2235 363 2297 naturae
386 2231 633 2318 suggestionum
656 2237 771 2298 contra
795 2253 829 2296 se
851 2231 974 2297 habeat
991 2233 1080 2297 testi·
1099 2249 1134 2300 20

71 2319 221 2385 monium.
272 2319 366 2396 Quod
392 2326 504 2385 tamen
531 2343 612 2404 opus
636 2321 747 2386 eadem
770 2320 988 2404 simplicitate,
1016 2341 1081 2404 qua

71 2406 102 2470 in
123 2427 242 2492 graeco
270 2409 395 2492 inveni,
422 2409 529 2474 iussus
555 2409 591 2474 in
617 2410 754 2474 latinum
776 2409 939 2474 transtuli.
986 2406 1079 2474 Oom-

71 2497 176 2576 posuit
213 2499 247 2561 et
283 2497 486 2562 anachoretis
524 2497 714 2583 simpliciter
745 2498 928 2563 viventibus
960 2497 1081 2562 librum

72 2581 210 2649 ‘centum
237 2585 487 2651 sententiarum'
514 2608 573 2671 per
601 2585 743 2670 capitula
767 2585 930 2671 digestum
954 2589 987 2650 et
1010 2607 1081 2650 eru·

72 2671 144 2736 ditis
176 2695 216 2738 ao
249 2673 403 2740 studiosis
430 2675 510 2740 uiris
545 2674 795 2760 ‘quinquaginta
822 2673 1080 2756 sententiarum’,
1100 2693 1134 2741 ae

72 2781 163 2844 quem
187 2783 249 2848 ego
273 2762 411 2840 latinum
429 2763 553 2847 primus
571 2763 643 2829 feei.
680 2761 766 2828 Nam
785 2762 982 2848 superiorem
1002 2761 1080 2825 olim

71 2850 278 2933 translatum,
311 2851 387 2936 quia
417 2851 568 2916 vitiatum
597 2857 629 2917 et
660 2873 718 2936 per
749 2855 878 2933 tempus
910 2849 1082 2914 confusum
1176 2921 1181 2930 ,

71 2937 148 3022 uidi,
169 2939 292 3023 partim
314 2939 594 3024 reinterpretando
615 2940 735 3024 partim
754 2937 953 3004 emendando
973 2941 1080 3004 auoto-

71 3025 114 3090 ris
137 3027 267 3093 ¹veritati
290 3027 429 3094 restitui.
475 3027 667 3113 Composuit
689 3031 722 3092 et
744 3026 902 3092 cenobitis
927 3048 965 3092 ae
984 3049 1081 3112 syno-

72 3112 145 3180 ditis
163 3116 348 3181 doctrinam
366 3119 477 3200 aptam
500 3117 587 3182 vitae
606 3115 787 3183 eommunis
811 3121 844 3181 et
862 3117 903 3181 ad
921 3116 1080 3201 virginem
1100 3137 1134 3188 so

72 3199 139 3269 Deo
157 3206 320 3270 sacratam
339 3203 486 3270 libellum
506 3208 741 3289 competentem
759 3205 911 3292 religioni
930 3208 964 3270 et
982 3204 1081 3270 sexui.

72 3286 180 3358 Edidit
207 3297 242 3358 et
267 3314 388 3378 paucas
415 3293 626 3360 sententiolae
660 3293 756 3358 valde
784 3294 937 3362 obscuras
968 3295 1014 3374 et,
1045 3293 1083 3354 ut

140 3448 287 3507 aBnmh:
313 3449 424 3504 labores
446 3449 580 3506 laetando
603 3449 691 3518 atque
710 3487 718 3510 .
738 3491 744 3505 .
764 3491 770 3504 .
791 3488 798 3504 .
867 3451 882 3500 t
902 3443 1014 3498 Bamb.:
1033 3461 1081 3497 na-

72 3517 188 3574 turalem
207 3535 318 3588 quoque
392 3527 426 3576 10
444 3519 522 3576 Vat:
541 3518 684 3573 mundana
