2552 4048
554 266 771 331 ..55-

155 427 219 471 uae
241 405 332 472 urbis
356 407 556 491 episcopum,
583 427 642 490 pro
669 406 732 472 fide
763 405 804 471 ad
827 405 959 471 exilium
980 411 1176 490 pergentem

156 495 279 578 primns
304 495 493 560 sollicitavit
519 495 672 580 etfregit
700 498 733 560 et
758 495 799 560 ad
822 495 1094 578 subscriptionem
1117 496 1177 560 he·

155 603 264 648 reseos
288 583 453 668 compulit.

519 763 601 855 cap.
633 762 816 836 novur

119 911 135 962 5
245 899 397 986 Aeacius,
427 923 536 987 quem,
567 901 643 985 quie
674 902 782 966 luscus
811 904 893 984 erat,
920 897 1175 988 μονόφθαλμον

154 990 396 1074 nuncupabant,
420 987 639 1055 Caesariensis
659 989 811 1054 ecclesiae
833 989 868 1053 in
889 989 1077 1056 Palaestina
1100 992 1169 1075 epi·

155 1099 285 1162 scopus,
318 1078 497 1144 elaboravit
527 1078 563 1142 in
592 1077 813 1144 Ecclesiasten
841 1076 951 1142 decem
983 1082 1016 1142 et
1044 1083 1172 1163 sepiem

154 1165 334 1250 volumina,
357 1169 390 1229 et
413 1169 606 1250 συμμίκτων
621 1165 814 1250 ζητημάτων
837 1189 906 1244 sex,
930 1167 1052 1233 multos
1076 1190 1170 1252 prae-

154 1257 243 1318 terea
275 1253 481 1339 diversosque
513 1257 681 1319 tractatus.
730 1253 770 1318 In
800 1257 930 1318 tantum
964 1259 1073 1321 autem
1107 1257 1170 1322 sub

100 1354 135 1403 10
155 1339 347 1408 Constantio
371 1342 566 1426 imperatore
590 1343 719 1421 claruit,
738 1346 775 1407 ut
792 1343 828 1406 in
841 1341 962 1408 Liberii
979 1343 1089 1410 locum
1104 1345 1170 1410 Ro-

153 1453 224 1495 mae
247 1429 388 1496 Felicem
411 1431 597 1516 episcopum
621 1431 842 1497 constitueret.

536 1611 617 1702 Gap.
649 1611 789 1683 XCIX.
901 1614 903 1620 ’

244 1745 414 1832 Serapion,
434 1747 599 1813 Thmneus
618 1748 801 1833 episcopus,
825 1749 881 1833 qui
905 1750 947 1814 ob
971 1750 1171 1836 elegantiam

153 1837 278 1922 ingenii
310 1857 492 1922 cognomen
521 1834 714 1903 Scholastioi
742 1839 874 1920 meruit,
907 1859 1000 1903 carus
1031 1837 1172 1905 Antonii

102 1937 134 1986 15
154 1925 306 1991 monachi
336 1924 399 1990 fuit
430 1925 593 2011 ediditque
624 1924 795 1991 ‘adversus
820 1925 1050 1991 Manichaeos'
1081 1949 1172 2014 egre-

157 2015 248 2099 gium
284 2013 405 2078 librum
447 2018 481 2079 et
517 2013 573 2079 ‘de
604 2015 804 2098 psalmorum
837 2013 961 2079 titulis’
1000 2017 1101 2081 alium
1139 2022 1172 2081 et

153 2102 194 2166 ad
217 2102 362 2168 diversos
390 2103 487 2168 utiles
514 2102 683 2187 epistulas,
712 2106 746 2168 et
770 2103 830 2167 sub
854 2100 1049 2169 Constantio
1079 2105 1169 2190 prin-

153 2191 222 2274 cipe
247 2189 346 2256 etiam
369 2191 405 2256 in
427 2191 630 2258 confessione
653 2191 784 2256 inclitus
807 2191 878 2258 fuit.

582 2372 664 2462 Cap.
698 2373 732 2442 0.

99 2523 134 2571 νο
242 2505 397 2592 Hilarius,
419 2509 510 2573 urbis
528 2507 735 2575 Pictavorum
752 2508 966 2594 Aquitanicae
986 2511 1170 2596 episeopus,

154 2596 295 2662 factione
328 2594 508 2681 Saturnini,
540 2597 740 2662 Arelatensis
774 2598 932 2682 episcopi,
965 2598 1003 2662 de
1040 2601 1169 2684 synodo
1269 2661 1270 2680 ,

154 2683 333 2750 Biterrensi
345 2685 525 2770 Phrygiam
539 2686 710 2770 relegatus,
725 2687 890 2751 duodecim
906 2687 1060 2752 adversus
1073 2689 1169 2753 Aria-

153 2795 213 2839 nos
229 2774 368 2839 confecit
386 2775 489 2840 libros
513 2778 546 2840 et
565 2775 664 2839 alium
684 2776 804 2840 librum
824 2773 875 2839 ‘de
894 2775 1047 2860 synodis’,
1071 2799 1168 2861 quem
1269 2789 1270 2850 ᾖ

154 2862 195 2926 ad
218 2859 400 2928 Galliarum
429 2863 597 2948 episcopos
627 2863 770 2949 scripsit,
797 2867 830 2928 et
856 2864 892 2928 in
914 2865 1057 2947 psalmos
1081 2887 1167 2930 eom-

100 2965 134 3014 25
153 2951 344 3035 menterios,
371 2953 513 3034 primum
541 2950 690 3017 videlicet
719 2955 752 3016 et
775 2952 950 3018 secundum
974 2955 1007 3016 et
1030 2974 1050 3016 a
1072 2953 1166 3038 quin·

154 3039 344 3122 quagesimo
363 3040 472 3122 primo
493 3061 593 3125 usque
614 3041 655 3105 ad
674 3041 911 3126 sexagesimum
935 3041 1111 3105 seeundum
1133 3045 1166 3104 et

153 3149 172 3190 a
196 3123 334 3190 OXVHI
356 3149 458 3211 usque
478 3129 519 3193 ad
538 3131 730 3212 extremum,
753 3131 785 3193 in
810 3151 873 3214 quo
898 3151 995 3213 opere
1018 3129 1164 3193 imitatus

152 3215 325 3299 Origenem
353 3216 511 3281 nonnulla
540 3217 638 3282 etiam
667 3217 704 3281 de
733 3238 791 3282 suo
820 3216 954 3282 addidit.
1006 3217 1069 3282 Est
1098 3218 1165 3282 eius

151 3307 184 3367 et
207 3301 260 3368 ‘ad
284 3301 527 3369 Constantium'
550 3305 693 3390 libellus,
717 3327 812 3390 quem
835 3305 957 3370 viventi
979 3303 1165 3371 Constanti·

223 3446 238 3494 2
257 3441 367 3496 Bamb.:
381 3441 592 3511 inscriptionem
636 3448 669 3498 13
688 3443 799 3502 Bamb.:
815 3443 967 3499 Thimueus
1004 3447 1038 3500 28
1053 3443 1165 3498 Bamb.:

150 3510 185 3563 de
204 3527 253 3566 suo
273 3529 356 3566 sensu
375 3512 463 3566 edidit
