2552 4048
556 213 775 280 ..86-

515 414 597 504 sap.
628 410 815 486 xxxin

239 567 1178 654 Theophilus,Alexandrinaceeclesiaeepiscopus,scripsit

155 658 306 722 adversus
331 657 504 743 Origenem
531 680 632 722 unum
655 661 687 723 et
710 657 832 744 grande
854 658 1019 742 volumen,
1051 659 1088 723 in
1112 679 1177 742 quo
1255 637 1256 720 l

154 747 263 811 omnia
295 767 397 830 paene
430 745 516 811 dicta
545 749 579 811 et
609 747 716 830 ipsum
748 747 871 832 pariter
898 745 1045 830 damnat,
1079 747 1177 812 simul
1255 731 1256 786 ¹

119 849 135 898 5
155 835 273 900 docens
292 856 358 900 non
377 858 396 899 a
415 855 450 900 se
464 855 538 900 eum
557 835 706 920 primum,
725 835 781 900 sed
801 834 1004 920 abantiquis
1023 835 1175 918 patribus

155 927 187 988 et
214 924 352 988 maxime
375 922 515 988 Heraola
541 923 641 988 fuisse
665 927 697 988 et
725 923 929 1009 presbyterio
956 923 1118 988 nudatum
1144 929 1177 989 et

155 1013 289 1078 ecclesia
302 1013 430 1096 pulsnm
454 1012 538 1078 etde
553 1013 684 1078 civitate
698 1013 860 1098 fugatum5
880 1012 936 1076 sed
956 1016 989 1077 et
1002 1013 1176 1078 adversum
1255 1027 1256 1094 ξ

155 1101 497 1184 anthropomorphitas
518 1101 688 1186 hereticos,
706 1102 761 1187 qui
780 1101 892 1166 dieunt
905 1098 1011 1164 Deum
1029 1101 1176 1166 humana
1255 1117 1256 1154 i

154 1189 260 1274 figura
291 1192 324 1252 et
353 1190 506 1254 membris
539 1193 702 1273 constare3
734 1188 951 1272 disputatione
982 1190 1176 1274 longissima
1255 1193 1256 1278 J

103 1293 135 1341 10
156 1281 188 1341 et
211 1276 393 1342 divinarum
413 1278 643 1362 scripturarum
660 1277 857 1343 testimoniis
881 1297 1020 1362 arguens
1044 1281 1078 1342 et
1101 1301 1175 1344 con·

154 1366 286 1430 vincens
310 1388 365 1431 eos
389 1367 531 1431 ostendit
553 1366 658 1432 Deum
680 1367 907 1450 incorporeum
930 1366 1021 1430 iuxta
1042 1369 1176 1450 patrum

139 1454 250 1536 ¹fidem
291 1454 485 1519 credendum
525 1477 629 1540 neque
665 1455 740 1520 ullis
784 1454 916 1520 omnino
953 1455 1175 1520 membrorum
1255 1465 1256 1546 l

153 1543 360 1606 lineamentis
380 1544 606 1628 compositum,
628 1547 661 1608 et
684 1544 725 1608 ob
749 1543 782 1608 id
800 1543 882 1607 nihil
906 1543 935 1606 ei
958 1543 993 1606 in
1016 1545 1174 1609 creaturis
1255 1549 1256 1602 ἶ

155 1631 260 1702 simile
274 1653 332 1714 per
347 1631 573 1710 substantiam,
593 1653 653 1696 nee
668 1632 818 1717 cuiquam
832 1631 1174 1716 incorruptibilitatem
1255 1639 1256 1662 ³

103 1733 135 1782 15
155 1720 206 1783 rel
233 1719 493 1785 immobilitatem
523 1724 580 1785 aut
607 1719 906 1804 incorporalitatem
939 1742 1015 1785 suae
1047 1721 1173 1786 dedisse

154 1810 304 1893 naturae;
319 1809 376 1873 sed
386 1829 455 1872 esse
471 1829 583 1873 omnes
598 1809 832 1874 intellectuales
846 1813 978 1873 naturas
993 1831 1174 1894 corporeae,
1255 1851 1256 1898 ,

155 1918 267 1962 omnes
301 1895 540 1980 corruptibiles,
573 1919 684 1963 omnes
717 1897 906 1979 mutabiles,
939 1901 977 1961 ut
1002 1897 1057 1961 ille
1085 1898 1174 1962 solus

154 1985 419 2068 corruptibilitati
436 2006 504 2050 non
523 1987 696 2052 subiaceat.
737 1985 926 2052 Paschalem
946 1985 1044 2049 etiam
1068 2006 1174 2050 recur-

156 2095 240 2156 sum,
271 2095 367 2159 quem
389 2095 509 2159 magna
534 2075 619 2158 apud
641 2074 798 2140 Nicaeam
822 2072 963 2156 synodus
985 2075 1063 2155 post
1084 2070 1174 2138 XCV
1255 2085 1256 2162 J

101 2175 135 2225 20
155 2183 259 2226 annos
282 2163 336 2247 agi
358 2163 393 2226 in
415 2165 562 2246 tempore
587 2168 620 2228 et
643 2164 694 2228 die
718 2166 750 2228 et
773 2163 849 2226 luna
873 2162 1050 2226 seeundum
1079 2181 1174 2227 suum
1255 2163 1256 2256 l

155 2253 277 2315 statum
295 2251 472 2335 invenerat,
496 2251 613 2316 additis
637 2252 831 2336 quibusdum
853 2250 963 2334 ipsius·
978 2249 1171 2314 festivitatis
1255 2279 1256 2338 ἦ

154 2339 336 2404 rationibus
355 2343 388 2402 et
406 2339 672 2424 expositionibus,
690 2338 872 2404 Theodosio
885 2337 1025 2422 principi
1044 2338 1173 2402 obtulit.

154 2426 235 2511 Legi
259 2430 291 2490 et
312 2431 381 2492 tres
408 2427 536 2492 libellos
561 2427 657 2492 ‘fidei'
681 2428 740 2492 sub
763 2430 894 2492 nomine
922 2427 990 2490 eius
1012 2427 1174 2510 titulatos
1255 2433 1256 2510 l

155 2515 224 2600 sed,
252 2515 327 2599 quia
354 2515 467 2600 lingua
493 2516 712 2582 inconsonans
736 2520 798 2600 est,
826 2537 893 2580 non
922 2515 1014 2580 valde
1042 2515 1173 2580 credidi.
1255 2535 1256 2614 p

226 2731 242 2780 2
261 2725 358 2780 namu.
374 2725 403 2780 a
417 2725 557 2782 Norimb.:
573 2725 697 2782 esuum
769 2722 1173 2781 romu.een0rsme.=01us
1255 2699 1256 2704 ‘

154 2795 232 2852 diota
303 2795 400 2852 Bamb.
420 2799 450 2852 et
463 2797 602 2852 Norimb.:
622 2815 655 2852 ae
675 2797 759 2851 simul
830 2803 846 2852 6
865 2793 963 2851 Bamb.
984 2796 1013 2849 et
1030 2793 1172 2851 Norimb.:

153 2885 172 2921 a
185 2867 278 2936 presb.
294 2867 415 2922 eiectum
470 2875 485 2922 '1
500 2868 597 2924 Bamb.
613 2871 642 2923 et
656 2867 796 2923 Norimb.:
812 2866 981 2922 deecclesia
1029 2865 1172 2920 Norimb.:

156 2938 326 2992 ‘adversum’
348 2955 405 2992 non
427 2938 514 2994 habet
587 2947 620 2994 10
638 2939 748 2994 Bamb.:
775 2938 845 3006 disp.
869 2938 944 3006 long.
971 2935 1121 2992 confutans
1144 2939 1174 2990 et

153 3007 334 3074 convincens3
357 3007 498 3063 Norimb.:
518 3010 588 3079 disp.
612 3011 687 3079 long.
712 3009 859 3064 confutans
882 3010 911 3062 et
938 3007 1098 3061 divinarum

156 3083 188 3132 15
207 3079 278 3132 haec
297 3078 398 3132 desunt
415 3079 445 3133 in
458 3079 584 3134 Norimb.
658 3087 691 3136 18
710 3079 807 3135 Bamb.
828 3081 857 3134 et
875 3078 1015 3134 Norimb.:
1035 3081 1063 3132 et
1082 3079 1173 3132 muta-

154 3147 261 3204 turus
332 3148 397 3202 rar.
412 3149 505 3204 accae:
520 3150 568 3218 qui
584 3151 659 3206 sorus
673 3150 759 3206 habet
772 3133 1014 3205 immortalitetdm
1028 3149 1058 3202 ea
1071 3149 1173 3214 viam,

154 3219 295 3274 Norimb.:
306 3218 355 3288 qui
366 3219 441 3273 solus
450 3219 538 3274 habet
546 3221 667 3276 immort.
721 3227 752 3276 19
763 3221 828 3276 Vat.
840 3223 869 3276 et
878 3219 976 3276 Bamb.
991 3221 1020 3274 et
1033 3218 1173 3273 Norimb.:

155 3291 246 3416 puogd
303 3297 347 3414 b21
366 3289 506 3344 Norimb.:
525 3291 727 3347 festivitatibus
813 3297 847 3346 23
867 3289 964 3346 Bamb.
985 3293 1014 3344 et
1032 3288 1171 3344 Norimb.:

176 3377 190 3415 e
248 3362 368 3416 eliros
